3067 4950
143 477 273 520 nonam
303 456 435 518 Beckius
455 455 488 516 in
515 456 610 536 prael.
631 479 663 537 p.
693 460 732 519 V.
754 460 821 521 siue
847 460 927 520 iusta
948 477 1038 520 cartes
1058 459 1219 539 Calpurnii
1239 481 1301 524 uon

142 581 223 622 cese
244 555 409 636 contendit,
430 559 482 622 sed
499 563 574 622 haec
594 563 701 642 opinio
721 564 841 624 silentio
862 563 1062 641 praetermitti
1069 576 1176 642 potest.
1218 564 1301 627 ldem

140 663 275 726 ibidem
299 662 380 740 dicit,
401 667 582 745 posteriores
602 669 724 746 Eclogss
746 665 885 728 dictionis
904 664 1059 748 quandam
1080 669 1304 746 praeseferre

143 767 383 844 diuersitatem,
415 775 505 851 quem
529 791 568 830 ex
600 771 683 830 uirili
712 773 870 851 uirgisque
890 769 1063 831 confirmma
1081 784 1189 850 poetae
1208 783 1305 831 aetate

142 872 281 950 repetit.
333 873 399 933 Hoc
429 874 454 934 si
493 887 573 934 recte
607 874 800 952 intelligitur,
830 873 869 934 ab
897 893 1088 955 unoquoque
1116 873 1305 948 concedetur,

146 991 233 1032 cum
256 992 318 1032 non
339 973 403 1032 sine
425 995 511 1036 causa
533 977 715 1054 posteriores
745 977 870 1055 Eclogae
890 977 1004 1038 seriore
1022 988 1160 1055 tempore
1180 977 1305 1055 scriptas

147 1095 227 1136 esse
256 1075 407 1137 affirmari
436 1079 547 1156 possit,
583 1077 735 1160 siquidem
770 1081 951 1156 Eclogarum
978 1077 1054 1140 ordo
1087 1080 1121 1139 iu
1141 1077 1305 1154 codicibus,

148 1175 247 1259 quod
270 1179 376 1253 suam,
398 1181 540 1242 omnibus
561 1183 600 1242 sit
621 1201 700 1243 trous
721 1181 876 1262 idemque,
896 1199 998 1262 neque
1018 1182 1097 1242 ratio
1118 1184 1182 1243 ulla
1200 1182 1305 1248 afferri

148 1282 276 1361 possit,
298 1302 351 1342 cur
370 1303 442 1344 eum
464 1283 622 1344 fortuitum
645 1305 708 1344 esse
729 1297 906 1345 statuamus.

251 1387 280 1448 5.
311 1381 366 1446 De
389 1381 574 1467 Calpurnii
602 1383 817 1468 Eulogarum
844 1381 1018 1474 codicibus
1043 1384 1318 1472 utuuttucriptis.

152 1487 267 1546 Restat
287 1507 380 1562 uero,
409 1498 444 1547 ut
473 1483 512 1548 de
532 1484 675 1548 subsidiis
696 1489 807 1549 criticis
826 1487 992 1550 disseratur
1012 1489 1159 1549 breuitert
1188 1480 1251 1569 qua
1272 1491 1305 1550 in

152 1609 197 1650 re
220 1586 384 1650 dolendum
412 1581 470 1664 est,
501 1589 584 1671 quod
605 1591 744 1670 priorum
773 1589 923 1653 editorum
946 1591 1089 1670 plurimi,
1115 1611 1171 1650 nec
1190 1611 1253 1653 nou
1272 1595 1306 1669 ii,

155 1711 297 1774 quorum
321 1711 413 1771 opera
434 1691 569 1754 codicum
592 1695 764 1755 collationes
785 1707 857 1754 sunt
877 1695 988 1767 factae,
1011 1691 1048 1754 de
1071 1695 1119 1754 his
1140 1695 1226 1754 libris
1243 1697 1306 1756 suis

156 1799 259 1874 paene
281 1789 369 1877 uiuit}
385 1796 559 1856 attulerunt.
613 1797 692 1857 Eum
721 1809 822 1858 autem
848 1796 882 1856 in
913 1793 1066 1855 codicibus
1093 1794 1306 1856 cntrmerandis

158 1893 348 1956 seruandum
378 1893 454 1956 duxi
483 1917 547 1958 esse
577 1896 732 1974 ordinem,
762 1919 826 1980 quo
857 1898 928 1980 quis
947 1881 1026 1958 liber
1052 1910 1103 1956 aut
1124 1898 1234 1958 melior
1253 1911 1308 1960 sut

161 1994 299 2059 deterior
322 2011 374 2061 est.
416 1983 572 2061 Hebemus
596 2013 697 2063 autem
726 2003 861 2081 cognitos
890 1999 1051 2078 Calpurnii
1070 1997 1186 2060 codices
1206 1999 1307 2087 hosce,

160 2097 218 2158 sed
250 2121 390 2178 magnam
424 2116 540 2183 partem
571 2101 812 2186 haudquaquam
842 2104 915 2174 satis
947 2104 1137 2181 exploratos:
1183 2099 1223 2184 1).
1247 2099 1306 2164 Cd.

168 2201 340 2266 Doruillr't'
360 2225 393 2270 u.
413 2205 496 2268 idem
520 2203 794 2288 Neapolitanus,
820 2227 839 2264 s
867 2206 923 2265 lac.
949 2205 1028 2265 Phil.
1050 2205 1206 2264 Doruillio
1226 2204 1307 2264 Nea·

164 2306 230 2386 poli
251 2322 388 2386 repertus
410 2309 441 2369 io
465 2308 649 2368 bibliothece
669 2307 774 2366 loann.
797 2305 994 2378 carbonarii,
1024 2318 1116 2384 atquc
1144 2307 1215 2365 satis
1236 2305 1308 2366 dili·

164 2421 270 2487 genter
292 2412 415 2475 collatus
440 2411 522 2491 [cum
545 2409 593 2470 ed:
614 2407 780 2490 PittrositJ.
824 2409 873 2468 De
893 2408 968 2468 libri
988 2408 1112 2484 habitu,
1132 2421 1239 2485 aetate,
1259 2412 1308 2470 in·

164 2513 380 2591 scriptionibus
409 2514 489 2574 nihil
515 2526 559 2575 est
591 2514 725 2573 allatuin.
778 2514 807 2575 ls
830 2512 980 2588 confluet,
1012 2514 1058 2574 uti
1083 2534 1123 2574 ex
1151 2516 1308 2595 scripturis

167 2626 268 2695 patet,
289 2632 393 2675 omnes
415 2617 468 2677 XI.
490 2617 630 2695 Eclogast
651 2614 711 2675 nisi
733 2615 798 2693 ipso
819 2626 865 2675 eet
884 2615 979 2693 paulo
1000 2615 1167 2696 antiquior,
1188 2640 1226 2680 ex
1247 2622 1308 2681 elio

166 2719 248 2777 bono
270 2715 371 2779 codice
390 2717 559 2798 descriptus
589 2731 642 2779 est.
685 2717 816 2780 Collatio
838 2721 904 2780 eius
926 2730 1024 2778 exstet
1044 2717 1127 2797 apud
1147 2723 1253 2780 Burm.
1275 2724 1309 2781 in

164 2818 307 2899 Appeud.
336 2817 375 2879 ed
396 2820 479 2880 Poet.
499 2820 566 2879 Lat.
588 2821 662 2879 min.
685 2820 803 2880 tomi.
832 2833 910 2880 extr.
931 2851 976 2865 -
1006 2817 1041 2899 2)
1064 2818 1122 2881 Cd.
1146 2818 1308 2884 Heiusiis

166 2924 201 2983 in
222 2924 392 2985 Burmanni
415 2922 641 2984 Commentario
667 2942 729 2983 nou
755 2922 799 2984 ite
826 2924 931 2983 crebro
957 2935 1223 2985 commemoraturs
1245 2924 1309 2985 lor·

165 3037 243 3086 tasse
264 3028 390 3105 integer.
431 3027 528 3105 Saepe
554 3028 607 3087 ille
634 3024 674 3087 ad
697 3028 796 3089 Doru.
817 3048 845 3087 a.
866 3022 989 3089 accedit.
1032 3027 1189 3087 Praeterea
1212 3024 1251 3087 de
1271 3047 1308 3088 eo

164 3128 246 3188 nilril
274 3142 397 3190 constat.
441 3126 475 3211 3)
498 3126 557 3191 Cd.
581 3127 799 3209 Porr'eieqsis
830 3150 860 3189 n.
877 3133 971 3191 8049.
1001 3131 1129 3190 membr.
1155 3132 1197 3190 45
1218 3129 1310 3189 folio·

165 3238 247 3304 rum,
277 3230 390 3311 [forme
410 3230 545 3291 maxims
566 3226 609 3314 (i)
630 3244 757 3309 propter
778 3227 931 3308 duplicem
952 3230 1142 3293 XXXVllll.
1163 3252 1309 3290 uersuum

166 3334 275 3393 seriem
317 3334 349 3392 in
388 3354 573 3416 unaquaque
600 3334 720 3413 'pagina
753 3332 964 3411 perscriptam]
1004 3350 1137 3413 quorum
1179 3330 1308 3392 sedecim

167 3436 266 3514 prima
287 3456 361 3497 suec.
382 3438 438 3497 XI.
459 3438 627 3516 posteriora
656 3455 730 3495 saec.
754 3432 825 3494 ΧΗ.
853 3446 976 3495 exorata
998 3432 1161 3495 uidentur:
1192 3435 1309 3496 Versus

166 3536 262 3613 binis,
285 3557 361 3618 ques
382 3551 508 3614 uocant,
539 3538 689 3599 columnis
710 3536 833 3616 scriptis
854 3536 991 3614 singulae
1013 3538 1173 3597 columnae
1195 3540 1246 3598 39.
1270 3538 1310 3596 li-

167 3660 238 3699 nees
260 3640 422 3700 continent.
465 3640 587 3699 Praeter
617 3640 713 3699 Persii
741 3638 870 3714 Satires,
902 3637 1057 3700 Ciceronis
1075 3639 1181 3716 fragm.
1204 3638 1242 3699 de
1263 3637 1310 3697 di·

168 3743 342 3818 nmatione,
363 3746 498 3805 Petronii
517 3744 635 3805 Arbitri
654 3744 823 3821 Satirarum
843 3744 975 3817 librum,
1005 3744 1059 3803 fol.
1075 3745 1127 3817 25,
1149 3742 1257 3802 2-27.
1279 3744 1311 3813 2,

169 3842 234 3905 Col.
258 3844 287 3904 b.
323 3858 441 3907 exstant
470 3848 504 3920 ip
535 3866 571 3907 eo
600 3844 762 3925 Calpurnii
796 3846 923 3924 Eclogae
943 3846 966 3905 Ι.
987 3846 1026 3904 11.
1043 3845 1093 3904 lll.
1116 3842 1182 3919 llll,
1202 3850 1309 3907 1-12.

168 3942 252 4026 (Post
295 3967 345 4007 eas
378 3968 477 4027 usque
516 3946 554 4008 ed
590 3952 663 4013 libri
699 3950 791 4011 finem
823 3952 929 4011 insunt
963 3948 1092 4011 Senecae
1124 3947 1310 4031 sententiae).

169 4048 382 4127 loscriptiones
410 4060 530 4127 prester
555 4049 610 4109 has
639 4050 790 4129 „Explicit
818 4050 988 4111 Petronius.
1043 4052 1152 4130 incipit
1181 4051 1311 4128 Calpur·

169 4152 259 4211 niuei
288 4163 318 4211 et
349 4152 452 4231 „Iucip
480 4151 627 4229 liclogae'’
658 4151 798 4237 (rubric.)
819 4156 924 4215 nullus
943 4156 1051 4217 titulos
1071 4155 1103 4213 in
1125 4153 1243 4230 Eclogis
1262 4172 1311 4211 re·

170 4252 303 4329 peritam,
326 4272 404 4334 quae
424 4254 491 4315 sine
510 4254 734 4334 interruptione
746 4276 811 4316 sese
830 4258 996 4336 excipiunt.
1038 4256 1143 4317 Bonum
1160 4268 1204 4315 est
1221 4266 1311 4315 notes

170 4356 221 4415 hic
250 4358 344 4420 liber:
375 4360 440 4420 eius
471 4360 637 4439 scripturus⁴
663 4356 890 4438 diligentissime
922 4348 1055 4423 enotatas
1091 4355 1224 4431 Illilleri,
1255 4354 1311 4437 qui
