3067 4950
689 317 939 383 ..22-

322 500 351 558 8.
371 496 427 557 Iul.
450 496 534 558 Caes.
555 495 687 576 Scaliger
712 497 746 558 in
768 497 940 579 Hypercrit.
961 519 1028 579 cap.
1048 501 1088 562 V.
1129 500 1133 506 ’

240 599 430 680 Celplsuruio
451 601 508 684 qui
531 614 600 680 post
620 601 781 674 Murenam
806 599 922 680 primae
959 599 1113 681 delerant,
1140 605 1255 668 inueni.
1295 604 1386 683 Quod

237 701 383 764 iudicium
403 705 583 786 neutiquam
602 704 751 782 probatur
788 702 885 763 milri:
913 703 1003 765 laxus
1024 705 1105 765 enim
1126 721 1157 768 et
1176 705 1314 773 tumidue
1333 720 1387 772 eet.

236 806 383 868 letamen
406 828 475 868 cum
498 825 603 868 stereus
623 825 721 885 saepe.
741 802 851 868 fundat
886 825 950 867 non
969 806 1219 886 contemnendos,
1240 809 1388 891 permittit

240 912 457 988 inelegantem
480 906 660 968 dormitare:
685 921 839 988 nusquam
866 907 967 984 acuit,
994 926 1148 989 nusquam
1167 923 1266 971 tenete
1288 931 1386 974 aueo·

241 1035 302 1097 que
323 1014 497 1092 frequenter
518 1010 690 1083 absoluere,
711 1029 791 1090 quae
811 1004 942 1070 uixdum
961 1009 1084 1090 occoepi
1101 1007 1218 1072 uidere.

326 1121 356 1178 9.
381 1113 470 1192 Caep.
492 1111 637 1174 Barlhiue
665 1108 810 1172 Aduerso.
830 1115 884 1188 34,
904 1115 937 1172 2.

241 1219 276 1279 ln
307 1216 428 1277 rueliori
448 1234 558 1294 genere
577 1231 682 1274 eeueeo
713 1213 871 1275 Bucolieos
893 1207 990 1275 duos
1022 1223 1143 1292 poetae,
1170 1212 1388 1278 Nemeaianum

243 1331 273 1382 et
294 1317 516 1398 Calpurnium,
548 1315 604 1397 qui
624 1315 695 1375 licet
723 1313 762 1376 ad
785 1314 976 1378 diuinitatem
996 1315 1137 1377 Maronis
1163 1317 1387 1395 uinulentum,

242 1422 433 1501 simplicitate
452 1432 554 1481 lamen
585 1414 734 1498 loquendi
761 1437 825 1478 nou
853 1431 926 1479 eunt
950 1415 1087 1495 indigni,
1111 1419 1175 1501 ‘qui
1206 1417 1385 1499 diligantur.

184 1585 190 1592 ,
242 1523 312 1584 Non
344 1521 425 1582 enim
451 1521 484 1582 in
513 1521 551 1584 iis
586 1532 657 1582 sunt
691 1520 848 1599 partibus,
886 1520 942 1602 qui
976 1533 1133 1581 acutarum
1169 1523 1386 1585 sententiarum

243 1623 433 1686 affectatione
465 1623 605 1684 barbarie
636 1621 850 1700 ingruentibus
889 1622 1033 1699 exemplo
1060 1633 1091 1682 et
1121 1624 1273 1685 occasioni
1302 1624 1387 1686 fraere

243 1747 366 1787 omnem
381 1726 585 1808 eloquentiam
610 1722 837 1804 corrumpendi,
857 1737 887 1786 et
907 1725 992 1785 uelut
1023 1722 1202 1804 praecipitio
1218 1723 1388 1787 deiiciendi.

331 1830 382 1888 10.
404 1829 537 1890 [leuatus
557 1827 695 1907 Rapinus
717 1825 789 1888 diss.
808 1824 847 1890 de
871 1827 1003 1887 carmine
1033 1828 1195 1905 pastorali,
1222 1849 1254 1908 p.
1273 1830 1345 1890 193.

245 1930 346 1992 Ambo
367 1925 594 2013 (Calpurnius
615 1935 650 1990 et
666 1923 914 2009 Nemesianus)
935 1945 993 2006 pro
1026 1940 1198 2007 temporum
1217 1926 1389 1990 conditione

246 2031 418 2094 tolerabiles
437 2029 484 2090 illi
507 2026 650 2110 quidem,
680 2026 733 2089 sed
754 2049 825 2090 cum
850 2029 937 2089 beate
958 2029 1012 2088 illa
1032 2029 1165 2107 Augusti
1184 2041 1280 2091 aelate
1300 2031 1388 2091 nullo

246 2129 338 2192 modu
355 2127 559 2208 comparandi.
597 2129 713 2192 Neuter
732 2130 812 2190 enim
826 2130 952 2208 Virgilii
968 2150 1090 2190 succum
1105 2132 1263 2210 expressit.
1295 2129 1387 2206 Quod

247 2232 286 2294 de
305 2231 488 2293 Nemesiano
508 2231 543 2290 in
568 2230 676 2310 primis
697 2231 770 2292 satie
790 2241 933 2310 apparet,
965 2231 1022 2312 qui
1041 2232 1160 2294 tametsi
1179 2233 1253 2312 puri
1272 2250 1388 2296 sermo·

248 2335 296 2397 nie
316 2353 427 2396 amene-
446 2329 546 2394 uideri
567 2331 660 2407 uelit,
696 2332 752 2392 uix
774 2343 876 2392 tamen
901 2332 973 2394 eatis
1001 2333 1081 2394 liber
1111 2346 1156 2396 est
1176 2358 1194 2396 a
1214 2335 1389 2415 crepundiis

248 2431 398 2519 uirgisque
419 2437 598 2517 puerilibus.
643 2434 748 2497 Gentis
769 2453 843 2496 ettae
861 2435 1021 2515 superauit
1042 2435 1168 2519 quidem
1187 2438 1323 2500 indolem
1339 2439 1389 2501 uir

248 2542 339 2618 Aier3
354 2542 356 2546 ’
371 2537 423 2601 sed
444 2538 638 2617 ingenuitatis
659 2556 727 2603 cum
749 2538 883 2599 maxime
902 2536 1057 2601 studiosus
1078 2538 1179 2601 uideri
1199 2544 1282 2617 uult,
1309 2563 1388 2603 seru·

249 2663 305 2721 per
318 2640 437 2724 aliquid
455 2663 530 2722 praa
552 2662 585 2703 se
604 2641 662 2703 fert
678 2640 896 2703 transmarinae
916 2642 1147 2719 peregrinitatis.
1187 2642 1262 2704 Non
1282 2644 1391 2705 maiori

248 2742 340 2805 laude
360 2741 470 2822 diguus
492 2757 536 2806 est
567 2742 777 2822 calphurnius
806 2743 1007 2830 quantumuis
1028 2743 1158 2806 Sindus.
1209 2746 1244 2807 In
1272 2766 1309 2807 ee
1340 2768 1390 2807 re·

251 2867 409 2925 cognoscas
438 2844 568 2910 formam
590 2846 715 2930 quidem
735 2847 926 2911 amoenitatis
955 2860 985 2909 et
1018 2848 1134 2927 ingenii
1153 2849 1307 2931 aliquam,
1336 2847 1390 2910 eed

250 2947 360 3009 cladem
381 2964 473 3031 atque
493 2952 717 3029 imperfectam:
750 2970 822 3012 suos
844 2949 954 3010 habuit
975 2948 1284 3024 commendatores,
1306 2949 1389 3030 apud

251 3070 329 3131 qaroe
351 3049 438 3111 nrulli
458 3052 529 3111 emis
550 3064 580 3113 et
600 3049 683 3111 nuda
704 3048 856 3111 scribendi
885 3048 1045 3110 dulcedine
1065 3050 1314 3115 commendabilis
1334 3055 1392 3113 he·

251 3154 358 3227 betur,
390 3149 442 3213 sed
464 3151 543 3213 nihil
562 3150 604 3213 ad
621 3152 842 3231 ingenuitatem
862 3152 1147 3235 simplicitatemque
1166 3156 1257 3233 plane
1285 3155 1392 3217 mirifi-

251 3276 315 3318 cam
343 3252 477 3331 Virgilii.
916 3308 920 3315 .

338 3361 387 3419 11.
410 3353 504 3418 Olaue
524 3352 701 3417 Borricltius
723 3350 768 3413 de·
789 3365 870 3433 poet.
890 3354 971 3416 Latt.
993 3352 1122 3417 lue.11.
1147 3356 1170 3437 1.
1192 3359 1245 3418 45.
1333 3394 1336 3400 ·

253 3458 339 3536 Opus
372 3459 531 3537 Calplunii
561 3459 765 3536 ingeniosum,
797 3470 998 3541 temperatum
1020 3471 1050 3520 et
1071 3479 1090 3517 a
1110 3461 1244 3538 scopulis
1264 3465 1393 3527 moreris

253 3577 282 3626 et
303 3562 482 3623 humilitatis
503 3562 647 3621 alienum.

339 3667 390 3729 12.
412 3668 493 3727 Patr.
513 3666 708 3728 Burmannus
726 3665 760 3725 in
779 3666 877 3727 Praei.
898 3661 937 3725 ad
955 3666 1038 3725 Poel.
1059 3666 1126 3727 Lat.
1147 3666 1223 3727 min.

253 3771 300 3831 De
323 3770 398 3849 ipsit
420 3768 620 3848 scriptoribus
648 3765 832 3847 (Calpurnio
861 3779 890 3829 et
911 3763 1107 3848 Nemesiano)
1133 3786 1302 3851 eurumque
1321 3790 1391 3831 erue

253 3872 367 3937 ditione
397 3889 427 3935 el
457 3872 605 3951 elegantia
635 3883 704 3950 poet
734 3869 848 3934 iudicia
877 3871 1010 3931 aliorum
1044 3871 1123 3931 nihil
1153 3870 1267 3949 dicam,
1297 3891 1392 3953 quam

252 3974 374 4038 abunde
409 3977 467 4035 uiri
499 3975 579 4037 docti
610 3970 814 4047 offenderint,
836 3976 1004 4052 elegantes,
1030 3989 1134 4037 acutus
1154 3986 1185 4035 et
1211 3991 1390 4035 numerosos

252 4098 337 4150 esse,
369 4074 554 4157 dignosque,
584 4077 639 4159 qui
659 4088 728 4155 post
749 4075 917 4153 Virgilium
950 4078 983 4139 iu
1014 4079 1081 4151 loc,
1096 4075 1248 4139 scribendi
1283 4096 1393 4155 genere

252 4177 418 4241 secundum
452 4181 554 4241 locum
578 4192 743 4258 occupent,
775 4176 908 4261 ideoque
929 4182 1060 4253 mereri,
1093 4191 1127 4239 ut
1160 4198 1222 4241 nou
1256 4178 1392 4241 tironum

251 4278 361 4353 modo,
393 4279 444 4343 sed
475 4278 747 4342 eruditissimorum
786 4281 926 4347 manibus
960 4291 1137 4342 uersentur:
1185 4300 1286 4361 neque
1318 4278 1399 4339 male

250 4379 397 4448 iudicasse
447 4378 620 4446 clericam
658 4383 725 4447 usa.
762 4382 838 4447 cru.
867 4384 947 4446 Part.
979 4383 1003 4445 l.
1034 4402 1098 4464 cap.
1127 4383 1164 4443 ll.
1200 4382 1224 4465 1.
1255 4386 1285 4445 2.
1317 4402 1349 4444 n.
1366 4387 1398 4444 4·
