3067 4950
612 253 866 318 ...23-

176 435 234 516 qui
267 433 394 512 Virgilii
422 433 542 513 Eclogis
569 429 709 497 addenda
737 433 854 496 horum
884 449 1025 516 poemata
1054 433 1184 511 suadet,
1224 437 1321 497 laten·

178 536 254 597 dum
285 549 340 598 est.

264 641 339 714 His,
361 659 441 722 quae
460 658 500 698 ex
522 633 727 698 Wernsdorfii
757 633 890 698 editione
910 638 1038 717 repetita
1058 652 1147 715 sunt,
1178 638 1261 701 aliud
1283 639 1321 701 de

178 741 348 822 Calpurnio
369 739 594 817 testimonium,
623 761 663 800 ex
685 735 895 802 Brassieam'
918 735 1150 822 Praejatioae
1171 739 1320 803 adiiciam.

263 841 494 928 (Calpurnium)
515 846 589 906 scito
604 863 681 934 eum
704 841 798 902 fuisse
818 841 976 920 Siculum,
1007 842 1088 904 inter
1118 863 1170 905 eos
1190 846 1319 905 relatum

177 946 234 1028 qui
255 949 433 1010 Bucolicum
453 967 573 1008 carmen
595 945 758 1026 scripsere,
791 957 884 1026 atque
904 947 964 1007 hoc
983 945 1097 1009 iudicio
1129 944 1319 1007 eruditorum

176 1051 283 1111 multis
303 1049 477 1130 parasangis
499 1048 675 1110 excelluisse
703 1067 772 1108 cum
794 1047 934 1109 carminis
964 1070 1090 1125 uenere,
1120 1061 1185 1110 tum
1208 1061 1237 1109 et
1258 1050 1318 1110 ele·
1415 1074 1419 1080 ·

174 1153 279 1230 gantia
314 1165 344 1215 et
373 1151 577 1233 proprietate,
612 1147 721 1210 decoro
754 1149 823 1228 ipso
857 1152 1136 1233 sententiarumque
1171 1153 1319 1228 grauitate

175 1253 315 1337 undique
336 1253 375 1316 ad
396 1254 541 1315 amussim
563 1249 700 1312 seruatis.
742 1249 874 1312 Antores
895 1272 958 1312 non
979 1252 1052 1312 mali
1069 1252 1226 1327 scribunt,
1248 1273 1317 1314 eum

175 1359 233 1418 sub
254 1358 445 1420 Diocletiano
467 1367 497 1418 et
519 1351 703 1415 constantiis
724 1353 915 1433 principibus
943 1354 1102 1417 floruissez
1130 1353 1253 1416 uidetur
1272 1369 1317 1416 ta·

174 1477 262 1533 men,
298 1472 332 1522 ut
360 1481 400 1522 cx
428 1455 532 1518 multis
557 1455 622 1516 eius
654 1454 839 1516 carminibus
873 1454 1061 1537 deprehendi
1091 1469 1208 1536 potest,
1240 1458 1318 1520 Diui

174 1559 307 1638 Augusti
327 1574 464 1640 tempore
484 1557 607 1620 uixisse.
632 1563 695 1619 etc.
737 1553 787 1618 Et
803 1554 913 1640 paulo
933 1554 1053 1638 infra:

258 1660 350 1724 Vnde
372 1661 527 1724 nonsatis
549 1659 655 1722 mirari
675 1680 812 1739 possum,
832 1659 1058 1741 Calphurnium
1079 1659 1214 1722 tamdiu
1233 1661 1316 1742 apud

174 1761 283 1825 blattas
303 1763 478 1841 delituisse,
500 1776 562 1826 tam
583 1762 687 1824 multis
708 1764 796 1824 annis
816 1784 886 1824 cum
906 1764 1062 1823 uermibus
1082 1764 1215 1824 librariis
1237 1766 1317 1826 bella

175 1867 319 1944 gessisse,
348 1868 403 1948 qui
423 1877 549 1944 excepto
571 1885 648 1940 uno,
683 1879 844 1944 poetarum
864 1866 1020 1946 principe,
1048 1865 1201 1944 Virgilio,
1222 1888 1314 1951 quem

173 1967 290 2029 nullius
311 1989 451 2049 unquam
474 1967 615 2029 scientiae
637 1986 739 2042 error,
770 1979 805 2029 ut
823 1967 999 2028 Macrobius
1021 1967 1140 2041 scribit,
1171 1969 1315 2045 inuoluit,

174 2087 316 2146 magnam
343 2091 400 2132 suo
429 2071 561 2132 carmine
591 2071 704 2134 meruit
737 2067 877 2145 laudem,
905 2071 1033 2129 multam
1052 2069 1195 2130 iuuentae
1216 2072 1317 2134 attulit

174 2170 317 2250 frugem,
338 2186 367 2234 et
388 2173 421 2233 in
442 2173 501 2235 boc
521 2173 710 2234 Maroniauis
730 2171 871 2248 ludicris,
892 2192 932 2232 ne
953 2170 1050 2232 dicam
1070 2172 1239 2248 secundus,
1262 2195 1315 2235 ue·

176 2295 245 2335 rum
266 2296 363 2354 paene
386 2276 479 2355 prior.
522 2275 655 2356 Apertus
677 2287 741 2351 est,
776 2293 840 2335 non
866 2286 958 2334 scatet
989 2274 1185 2351 ambagibus,
1217 2287 1316 2334 trans-

176 2375 294 2436 marino
314 2379 376 2438 sale
399 2378 514 2462 ubique
535 2377 661 2438 feliciter
693 2397 775 2438 usus.
828 2374 1038 2454 Adagionibus
1064 2379 1138 2438 lusit
1169 2391 1315 2460 tanquam

178 2478 394 2558 condimentis,
424 2502 487 2543 non
508 2480 601 2557 cibis,
629 2478 668 2541 a'd
690 2482 837 2559 gratiam,
866 2501 929 2541 non
949 2479 988 2541 ad
1009 2483 1186 2558 satietatem,
1213 2483 1315 2543 omnis

177 2584 310 2661 propriis
333 2596 362 2644 et
382 2585 507 2665 propria
527 2585 668 2646 omnibus
689 2582 837 2647 reddensz
861 2582 942 2645 unde
963 2608 1016 2646 ceu
1039 2585 1223 2668 quibusdam
1238 2588 1315 2648 ⁴stel-

175 2686 247 2747 lulis
268 2689 367 2761 lucet,
391 2686 559 2767 figurarum
580 2684 694 2747 arridet
715 2689 878 2764 coloribus,
897 2690 1113 2750 sententiarum
1134 2690 1211 2749 nitet
1232 2709 1315 2765 genr-

175 2790 266 2851 mulis
277 2833 287 2865 ‚
316 2790 488 2850 festiuitatis
506 2788 663 2851 blanditur
685 2788 831 2869 cupediis.
881 2791 1024 2871 Denique
1044 2790 1110 2869 ipsa
1131 2811 1223 2853 aurea
1245 2791 1314 2850 bre·

177 2890 269 2953 nitate
290 2891 404 2953 mirum
425 2893 458 2953 in
480 2890 606 2953 modurn
628 2890 754 2955 delectat
776 2906 804 2955 et
831 2894 958 2969 excitat,
982 2892 1091 2973 dignus
1354 2885 1356 2889 ¹

328 2992 487 3057 Nocturuo
505 2993 607 3057 studio
629 3016 722 3077 quem
744 2999 983 3079 uoluentesque
1012 2996 1123 3059 diurno

329 3096 452 3177 Egregii
471 3098 621 3175 iuuenes,
641 3099 749 3179 primis
775 3102 931 3165 Heliconia
953 3102 1069 3184 Tempe

330 3196 392 3273 Qui
413 3201 539 3281 cupiunt
549 3201 662 3263 lustris.
