3067 4950
703 294 953 367 ...64-

341 493 382 552 At
402 489 493 552 simul
515 497 638 567 srgutse
660 505 766 548 nemus
787 485 966 576 increpuere
986 478 1114 556 declae,

341 591 390 654 Ad
411 593 525 654 fontem
547 590 694 669 compelle
716 606 841 666 greges,
862 607 918 670 nec
937 585 1078 666 protinus
1099 586 1211 646 herbas

340 697 379 758 Et
401 716 521 776 campos
542 692 685 774 permitte
705 691 807 771 sequi:
828 691 895 752 sine
914 701 1054 769 protegat
1075 689 1147 750 illos

289 875 292 882 Ι
339 799 456 861 interea
477 810 593 859 ueteres
617 815 697 877 quae
717 793 848 872 porrigit
864 795 982 854 centlue
1003 794 1137 855 umbras.

258 906 301 963 60
343 903 462 964 Verum
482 901 539 963 ubi
559 898 671 961 declini
690 899 751 959 iam
773 917 854 958 nona
875 909 1026 976 tepescere
1046 899 1110 958 sole

343 1006 490 1084 Incipiet,
510 1023 657 1083 seraeque
678 997 835 1060 uidebitur
855 1001 933 1060 hora
953 997 1124 1072 merendae,

342 1108 461 1168 Rursus
481 1126 569 1185 paene
591 1123 712 1183 greges,
734 1114 765 1164 et
786 1100 1021 1182 opscossdesere
1040 1103 1135 1162 lucos.

340 1210 405 1272 Nec
425 1211 511 1291 prius
533 1208 649 1269 aestiuo
676 1211 768 1285 pecus
788 1204 963 1267 includetur
983 1206 1071 1278 ouili,

343 1309 442 1386 Quam
459 1311 580 1390 leuibus
602 1306 682 1370 nidis
700 1328 823 1370 somnos
843 1321 964 1388 captare
985 1310 1126 1370 uolucres

258 1419 298 1477 65
343 1414 481 1494 Cogitet,
502 1425 532 1474 et
552 1413 676 1473 tremuli
696 1411 898 1474 tremebunda
918 1414 1044 1490 coagula
1071 1411 1165 1475 luctis.
1224 1396 1231 1406 ²

342 1514 470 1579 Succida
491 1515 553 1575 iam
574 1515 662 1576 tereti
683 1497 888 1594 constringere
905 1518 1022 1577 uellera
1041 1516 1144 1590 iunco,

327 1753 373 1816 56)
392 1751 428 1804 Vt
445 1749 522 1803 simul
542 1749 933 1822 D3.t22.‹tt.pat.rqq.f².
957 1751 1026 1814 (Tit.
1049 1747 1126 1816 prob.
1145 1748 1200 1812 At).
1225 1763 1318 1822 argute
1338 1757 1409 1806 Μ.

256 1842 367 1895 arbutne
386 1844 499 1893 aleta.
518 1839 647 1911 inrupere
669 1839 735 1891 Vlit.
756 1857 780 1894 e.
843 1838 893 1907 61)
915 1857 950 1891 ne
967 1856 994 1893 α.
1060 1837 1109 1906 68)
1126 1838 1160 1893 Et
1178 1858 1287 1912 campos
1304 1845 1410 1896 ΜΡ

259 1934 287 1983 V
293 1928 475 1995 ulcerato,
495 1929 592 1998 recepit
604 1929 682 1982 Beck.
700 1927 751 1982 Vel
770 1947 879 2000 campos
895 1929 986 1998 uulgo.
1005 1927 1026 1980 si
1044 1943 1078 1983 ne
1090 1927 1144 1996 fl.
1162 1927 1219 1980 siue
1236 1929 1305 1994 (sine
1321 1937 1408 1997 corr.)

257 2017 594 2088 u1.sedpr0tegatD1.
660 2013 1003 2080 59)ueteris1t1.rato.
1023 2016 1188 2085 quell1.2.
1222 2015 1320 2087 porigit
1339 2022 1405 2072 ΒΞ.

255 2104 363 2178 proiicit
383 2105 477 2158 Heius.
493 2121 514 2156 c.
532 2101 636 2155 esculus
653 2121 720 2155 omn.
739 2102 809 2166 libri,
829 2122 895 2174 quoe
913 2102 1009 2153 ltobui:
1028 2101 1148 2156 aesculus
1165 2106 1302 2158 ΙΙῙ.ΙΙΙΙ,
1321 2107 1405 2160 Beck,

257 2190 305 2260 66)
323 2190 432 2244 decliuis
451 2193 511 2246 121.
530 2189 627 2243 declini
646 2191 741 2246 Heius.
761 2211 782 2242 c.
803 2189 907 2243 declino
926 2189 980 2242 iam
992 2210 1064 2242 noua
1079 2191 1140 2244 Da.
1167 2210 1239 2243 noua
1258 2191 1308 2246 dt.
1327 2212 1404 2245 noua

255 2281 362 2352 iamque
377 2290 510 2350 tepescere
521 2279 581 2333 Dt.
595 2298 667 2331 noua
681 2289 790 2350 tamque
802 2290 935 2349 tepescere
947 2281 1004 2332 Rt.
1041 2280 1087 2344 61)
1102 2297 1247 2350 sacraeque
1259 2299 1280 2332 r.
1294 2299 1407 2334 saeroe-
1429 2291 1432 2296 '

256 2389 309 2442 que
318 2372 343 2419 R
350 2371 376 2422 1.
388 2368 460 2420 ierne
471 2407 478 2420 .
490 2385 537 2420 ora
548 2371 578 2420 G.
588 2367 715 2419 merend'e
727 2371 750 2416 ll
759 2372 786 2420 2.
795 2367 901 2438 serique
910 2365 965 2420 uid.
975 2365 1040 2419 liora
1050 2366 1192 2437 premendi
1200 2369 1257 2420 D1.
1259 2367 1402 2437 sortasse:

255 2457 431 2530 lucipietque,
442 2455 548 2528 serique
559 2455 613 2511 uid.
621 2455 689 2519 bora,
694 2455 845 2527 premendi.
881 2458 927 2520 62)
937 2454 1044 2508 Rustice
1054 2474 1132 2526 pasce
1140 2460 1195 2511 Ro.
1207 2456 1314 2511 Rustici
1322 2477 1402 2529 grae-

256 2564 303 2618 ges
314 2564 393 2618 pesce
408 2556 439 2599 ut
455 2548 515 2600 124.
535 2545 622 2616 gregis
635 2546 718 2599 er.
765 2546 814 2613 63)
832 2546 916 2599 estiuo
935 2564 958 2600 r.
977 2546 1090 2598 aestiuos
1108 2547 1169 2601 Dl.
1216 2548 1262 2612 64)
1279 2546 1403 2601 lseuibus

256 2654 288 2690 ac
305 2635 374 2689 nidis
395 2651 426 2697 ψ.
456 2633 535 2687 nidos
553 2636 577 2687 I.
595 2652 675 2688 sonos
693 2638 753 2689 123.
784 2654 879 2687 somno
897 2637 956 2686 132.
983 2633 1108 2687 uolucres
1125 2636 1253 2687 Dim.
1282 2634 1402 2687 uolucris

257 2724 349 2795 uulgo.
370 2724 470 2777 Barth.
486 2732 549 2793 post
567 2742 625 2777 uoc.
644 2722 763 2777 uolucris
781 2733 832 2775 eut
858 2722 983 2776 uolucres
1004 2722 1159 2793 distinguit.
1223 2723 1269 2787 65)
1286 2725 1401 2774 Intacta

257 2812 354 2883 reliqui
368 2812 435 2863 haec
453 2809 544 2875 uerba,
564 2828 720 2882 quanquam
747 2821 889 2879 corrupta,
916 2810 1012 2882 qualia
1030 2808 1114 2879 uulgo
1142 2806 1321 2860 exhibentur.-
1349 2811 1401 2861 nisi

251 2898 358 2969 fallor,
378 2896 623 2961 manturanum,
652 2907 679 2948 et
704 2895 739 2945 ab
756 2896 850 2967 aliquo
869 2906 982 2966 propter
1006 2914 1131 2947 sonorum
1151 2894 1352 2947 similitudinem
1367 2916 1401 2948 ex

258 2986 316 3039 Ecl.
337 2990 362 3050 3,
382 2986 425 3039 69.
445 2985 571 3053 suppleta
590 2984 725 3037 uidentur.
746 3002 779 3036 ac
794 2984 902 3036 tremuli
923 2986 978 3036 VR
986 2986 1042 3038 1.r.
1061 2982 1094 3034 ad
1113 2982 1219 3035 tremuli
1232 2983 1277 3036 bo.
1294 2984 1329 3038 'ad
1347 2996 1400 3039 tre-

172 3115 173 3118 *
258 3071 323 3127 muli
344 3082 369 3127 te
387 3073 457 3127 lerto
485 3070 597 3142 coagula
616 3072 728 3123 Arcens.
757 3072 789 3122 de
808 3090 857 3123 suo
889 3070 972 3127 dedit.
1008 3073 1136 3122 Fortasse
1159 3072 1189 3123 in
1213 3073 1258 3125 tte
1275 3072 1348 3126 ittart
1369 3092 1401 3126 ac

253 3162 361 3232 priscae
388 3164 543 3229 scripturae
572 3159 716 3230 uestigium
752 3169 803 3213 est.
850 3158 1034 3212 Memorabilis
1065 3160 1115 3212 hoc
1140 3180 1246 3234 quoque
1277 3162 1336 3214 loco
1362 3141 1402 3214 eit

257 3250 394 3319 scriptura
412 3252 473 3307 Dt.
501 3246 617 3301 tremulo
641 3247 820 3301 tremelundo
845 3247 947 3301 smniat
971 3268 1037 3315 ore,
1055 3249 1085 3301 irs
1108 3269 1161 3321 quo
1180 3250 1220 3305 cd.
1242 3260 1333 3303 tamen
1359 3252 1403 3302 liic

259 3358 286 3393 u.
304 3338 426 3409 sequenti
444 3356 471 3390 ιι.
488 3337 658 3407 postpositus
675 3346 725 3391 est.
761 3340 806 3389 Ex
824 3338 875 3401 tir,
893 3347 921 3388 et
940 3354 1011 3409 quoe
1026 3346 1169 3406 praetereo
1187 3338 1226 3388 ud
1242 3339 1291 3391 hos
1307 3357 1401 3392 uersus

258 3427 348 3478 allata
366 3434 445 3484 sunt,
464 3426 562 3477 coriieci
581 3432 632 3475 out
647 3462 672 3477 ..
689 3463 696 3479 .
715 3423 841 3477 uolucres
858 3422 976 3496 Cogitet,
993 3425 1010 3459 ⁴*
1024 3436 1104 3495 atque
1121 3424 1175 3478 ales
1186 3425 1204 3460 ³*
1221 3426 1337 3481 tremulo
1355 3428 1401 3481 fri-

259 3513 354 3569 tinniet
371 3532 427 3579 ore,
451 3522 503 3564 aut
521 3512 616 3564 omisso
634 3512 680 3565 illo
698 3511 823 3566 uolucres
841 3522 868 3563 et
888 3511 1007 3565 uolucris
1024 3522 1148 3565 seruato:
1169 3511 1283 3583 Cogitet,
1300 3534 1332 3569 sc
1351 3491 1402 3569 tri·

259 3602 333 3655 mulo
352 3598 527 3656 tremebunda
547 3600 758 3713 [gemelp'untgff]
778 3598 909 3654 fritinniat
926 3618 982 3654 ore.
1018 3600 1068 3651 Au
1081 3600 1226 3677 uulgatum
1241 3604 1400 3673 scripturam

565 3683 643 3727 quere
664 3683 699 3713 ttn
720 3683 733 3713 ss
1080 3698 1086 3706 ι

259 3761 320 3802 sunt
333 3730 384 3801 aut
402 3748 470 3801 siunt
486 3745 606 3817 suppleri
630 3744 704 3797 iubet
727 3745 781 3800 tte.
810 3741 928 3815 Cogitet,
949 3744 968 3812 i,
986 3744 1092 3799 tremuli
1112 3764 1204 3817 preme
1222 3746 1324 3800 munda
1350 3760 1399 3800 aut

260 3834 380 3905 Cogitet,
401 3848 432 3891 et
457 3834 564 3891 tremuli
583 3853 706 3907 premere
731 3834 783 3887 uda
811 3853 834 3889 c.
853 3831 872 3887 l.
892 3832 987 3887 Helm.
1005 3852 1028 3887 c.
1057 3831 1179 3904 Cogitet,
1204 3833 1269 3889 lrinc
1295 3836 1398 3889 tremuli

157 3916 164 3923 ¹
259 3942 352 3994 preme
381 3925 481 3978 munda
499 3930 594 3979 Burm.
613 3944 636 3979 c.
655 3922 778 3996 Cogitet,
803 3941 836 3977 ac
853 3918 959 3975 tremuli
983 3921 1048 3977 dent
1065 3921 1177 3977 mulctra
1197 3942 1221 3979 c.
1238 3922 1256 3975 l.
1277 3924 1398 3980 Wernerl.

260 4031 282 4066 c.
303 4028 379 4082 quem
394 4013 471 4063 Becl.
489 4022 584 4064 temere
607 4022 716 4065 secutus
733 4021 785 4065 est.
850 4008 898 4078 66)
915 4013 984 4061 Post
1001 4028 1056 4081 seq.
1074 4030 1102 4067 u.
1122 4011 1282 4063 collocatum
1300 4029 1355 4063 esse
1371 4012 1398 4063 in

261 4103 321 4153 Dt.
353 4098 478 4153 Werned.
510 4117 650 4169 perperam
679 4100 772 4168 affert.
822 4102 901 4149 Haec
928 4118 1033 4171 quoque
1064 4097 1147 4149 uerbo
1175 4109 1241 4151 sunt
1265 4109 1398 4168 corrupto.

261 4188 434 4261 constringito
453 4205 481 4241 α.
497 4204 559 4239 cum
578 4189 690 4259 stringes
708 4190 784 4243 dt.2
811 4188 853 4258 (in
870 4188 923 4239 tae
940 4188 1028 4239 atlscr.
1046 4185 1251 4256 constringere).
1269 4186 1341 4257 quod
1356 4173 1402 4239 ue:

182 4314 183 4317 =
261 4296 320 4331 rum
338 4296 393 4331 esse
408 4286 486 4346 puto.
504 4274 586 4327 uinco
607 4278 636 4341 (i.
654 4296 677 4334 e.
697 4277 788 4331 uinclo
810 4280 836 4331 V
835 4277 877 4331 lit.
895 4276 1009 4343 minime,
1026 4284 1067 4328 est
1085 4276 1175 4337 iunco,
1193 4277 1400 4341 Burm.)1l1.r.

264 4365 351 4418 uelem
370 4383 393 4419 o.
419 4362 525 4417 succida
544 4362 576 4417 da
596 4364 690 4416 Heius.
710 4384 732 4419 c.
757 4365 848 4419 sucida
869 4381 954 4436 quum
972 4374 991 4419 t.
1009 4382 1033 4418 c.
1052 4383 1082 4415 u.
1102 4365 1122 4422 i.
1141 4363 1175 4418 Et
1199 4363 1253 4417 iam
1271 4368 1363 4419 Burm.
1379 4384 1398 4416 c.
