<?xml version="1.0" encoding="UTF-8"?>
<!DOCTYPE html PUBLIC "-//W3C//DTD XHTML 1.0 Transitional//EN"
    "http://www.w3.org/TR/xhtml1/DTD/xhtml1-transitional.dtd">
<html xmlns="http://www.w3.org/1999/xhtml" xml:lang="en" lang="en">
 <head>
  <title>
</title>
<meta http-equiv="Content-Type" content="text/html;charset=utf-8" />
  <meta name='ocr-system' content='tesseract 3.04.00' />
  <meta name='ocr-capabilities' content='ocr_page ocr_carea ocr_par ocr_line ocrx_word'/>
</head>
<body>
  <div class='ocr_page' id='page_1' title='image "./tcalpurniisicul00glaegoog_0026.png"; bbox 0 0 3067 4950; ppageno 0'>
   <div class='ocr_carea' id='block_1_1' title="bbox 680 321 941 394">
    <p class='ocr_par' dir='ltr' id='par_1_1' title="bbox 680 321 941 394">
     <span class='ocr_line' id='line_1_1' title="bbox 680 321 941 394; baseline 0.008 -16"><span class='ocrx_word' id='word_1_1' title='bbox 680 321 941 394; x_wconf 72' lang='grc'><strong>...18-</strong></span> 
     </span>
    </p>
   </div>
   <div class='ocr_carea' id='block_1_2' title="bbox 132 496 1390 1204">
    <p class='ocr_par' dir='ltr' id='par_1_2' title="bbox 132 496 1390 1204">
     <span class='ocr_line' id='line_1_2' title="bbox 242 496 1390 599; baseline 0.007 -37"><span class='ocrx_word' id='word_1_2' title='bbox 242 496 399 562; x_wconf 83' lang='lat' dir='ltr'><strong>Adomets</strong></span> <span class='ocrx_word' id='word_1_3' title='bbox 419 519 482 562; x_wconf 77' lang='lat' dir='ltr'><strong>esse</strong></span> <span class='ocrx_word' id='word_1_4' title='bbox 504 500 602 566; x_wconf 85' lang='lat' dir='ltr'><strong>lertttr</strong></span> <span class='ocrx_word' id='word_1_5' title='bbox 621 501 695 564; x_wconf 86' lang='lat' dir='ltr'><strong>baec</strong></span> <span class='ocrx_word' id='word_1_6' title='bbox 710 499 810 566; x_wconf 82' lang='lat' dir='ltr'><strong>editio</strong></span> <span class='ocrx_word' id='word_1_7' title='bbox 833 502 994 582; x_wconf 83' lang='lat' dir='ltr'><strong>splendide</strong></span> <span class='ocrx_word' id='word_1_8' title='bbox 1014 511 1141 576; x_wconf 87' lang='lat' dir='ltr'><strong>consilio</strong></span> <span class='ocrx_word' id='word_1_9' title='bbox 1156 512 1230 599; x_wconf 76' lang='lat' dir='ltr'><strong>Sig.</strong></span> <span class='ocrx_word' id='word_1_10' title='bbox 1246 515 1390 580; x_wconf 82' lang='lat' dir='ltr'><strong>Haner.</strong></span> 
     </span>
     <span class='ocr_line' id='line_1_3' title="bbox 242 599 1390 693; baseline 0.012 -31"><span class='ocrx_word' id='word_1_11' title='bbox 242 601 359 682; x_wconf 80' lang='lat' dir='ltr'><strong>campi</strong></span> <span class='ocrx_word' id='word_1_12' title='bbox 385 611 417 664; x_wconf 81' lang='lat' dir='ltr'><strong>et</strong></span> <span class='ocrx_word' id='word_1_13' title='bbox 440 599 526 666; x_wconf 78' lang='lat' dir='ltr'><strong>ltel.</strong></span> <span class='ocrx_word' id='word_1_14' title='bbox 548 601 696 666; x_wconf 77' lang='lat' dir='ltr'><strong>Bruciis</strong></span> <span class='ocrx_word' id='word_1_15' title='bbox 718 603 785 684; x_wconf 84' lang='lat' dir='ltr'><strong>ipsa</strong></span> <span class='ocrx_word' id='word_1_16' title='bbox 806 605 967 685; x_wconf 79' lang='lat' dir='ltr'><strong>Calpurnii</strong></span> <span class='ocrx_word' id='word_1_17' title='bbox 989 611 1084 670; x_wconf 86' lang='lat' dir='ltr'><strong>uerba</strong></span> <span class='ocrx_word' id='word_1_18' title='bbox 1106 615 1169 674; x_wconf 83' lang='lat' dir='ltr'><strong>lere</strong></span> <span class='ocrx_word' id='word_1_19' title='bbox 1190 618 1316 693; x_wconf 78' lang='lat' dir='ltr'><strong>intucta,</strong></span> <span class='ocrx_word' id='word_1_20' title='bbox 1338 618 1390 677; x_wconf 88' lang='lat' dir='ltr'><strong>uti</strong></span> 
     </span>
     <span class='ocr_line' id='line_1_4' title="bbox 132 697 1390 788; baseline 0.016 -28"><span class='ocrx_word' id='word_1_21' title='bbox 132 776 134 781; x_wconf 23' lang='grc' dir='ltr'>Ι</span> <span class='ocrx_word' id='word_1_22' title='bbox 185 697 187 702; x_wconf 75' lang='grc'><strong>’</strong></span> <span class='ocrx_word' id='word_1_23' title='bbox 246 715 309 766; x_wconf 84' lang='lat' dir='ltr'><strong>turn</strong></span> <span class='ocrx_word' id='word_1_24' title='bbox 331 716 416 766; x_wconf 63' lang='lat' dir='ltr'><strong>want</strong></span> <span class='ocrx_word' id='word_1_25' title='bbox 436 706 606 781; x_wconf 84' lang='lat' dir='ltr'><strong>constituta,</strong></span> <span class='ocrx_word' id='word_1_26' title='bbox 625 707 828 788; x_wconf 85' lang='lat' dir='ltr'><strong>reliquerunt.</strong></span> <span class='ocrx_word' id='word_1_27' title='bbox 847 742 890 754; x_wconf 90' lang='lat'><strong>-·-</strong></span> <span class='ocrx_word' id='word_1_28' title='bbox 908 712 1001 770; x_wconf 80' lang='lat' dir='ltr'><strong>Plura</strong></span> <span class='ocrx_word' id='word_1_29' title='bbox 1019 711 1085 771; x_wconf 90' lang='lat' dir='ltr'><strong>sine</strong></span> <span class='ocrx_word' id='word_1_30' title='bbox 1106 711 1203 776; x_wconf 89' lang='lat' dir='ltr'><strong>dubio</strong></span> <span class='ocrx_word' id='word_1_31' title='bbox 1223 711 1390 780; x_wconf 72' lang='lat' dir='ltr'><strong>emendare</strong></span> 
     </span>
     <span class='ocr_line' id='line_1_5' title="bbox 238 806 1389 894; baseline 0.01 -24"><span class='ocrx_word' id='word_1_32' title='bbox 238 809 388 888; x_wconf 75' lang='lat' dir='ltr'><strong>‘potuisset</strong></span> <span class='ocrx_word' id='word_1_33' title='bbox 413 807 510 872; x_wconf 85' lang='lat' dir='ltr'><strong>Petr.</strong></span> <span class='ocrx_word' id='word_1_34' title='bbox 539 806 769 870; x_wconf 81' lang='lat' dir='ltr'><strong>Burmannus</strong></span> <span class='ocrx_word' id='word_1_35' title='bbox 790 808 915 894; x_wconf 86' lang='lat' dir='ltr'><strong>(Poetae</strong></span> <span class='ocrx_word' id='word_1_36' title='bbox 940 813 1045 874; x_wconf 88' lang='lat' dir='ltr'><strong>Latini</strong></span> <span class='ocrx_word' id='word_1_37' title='bbox 1065 815 1216 892; x_wconf 86' lang='lat' dir='ltr'><strong>minores,</strong></span> <span class='ocrx_word' id='word_1_38' title='bbox 1245 839 1313 881; x_wconf 88' lang='lat' dir='ltr'><strong>cum</strong></span> <span class='ocrx_word' id='word_1_39' title='bbox 1336 821 1389 880; x_wconf 90' lang='lat' dir='ltr'><strong>in-</strong></span> 
     </span>
     <span class='ocr_line' id='line_1_6' title="bbox 185 908 1389 995; baseline 0.009 -24"><span class='ocrx_word' id='word_1_40' title='bbox 185 911 190 916; x_wconf 75' lang='grc'><strong>“</strong></span> <span class='ocrx_word' id='word_1_41' title='bbox 236 911 333 988; x_wconf 71' lang='lat' dir='ltr'><strong>‚tegris</strong></span> <span class='ocrx_word' id='word_1_42' title='bbox 354 909 512 972; x_wconf 87' lang='lat' dir='ltr'><strong>doctorum</strong></span> <span class='ocrx_word' id='word_1_43' title='bbox 534 908 673 970; x_wconf 85' lang='lat' dir='ltr'><strong>uirorum</strong></span> <span class='ocrx_word' id='word_1_44' title='bbox 695 911 777 972; x_wconf 87' lang='lat' dir='ltr'><strong>notis</strong></span> <span class='ocrx_word' id='word_1_45' title='bbox 797 925 828 974; x_wconf 87' lang='lat' dir='ltr'><strong>et</strong></span> <span class='ocrx_word' id='word_1_46' title='bbox 847 913 1043 995; x_wconf 80' lang='lat' dir='ltr'><strong>quorundum</strong></span> <span class='ocrx_word' id='word_1_47' title='bbox 1074 917 1233 994; x_wconf 76' lang='lat' dir='ltr'><strong>excerptis.</strong></span> <span class='ocrx_word' id='word_1_48' title='bbox 1261 920 1389 982; x_wconf 78' lang='lat' dir='ltr'><strong>Leidee·</strong></span> 
     </span>
     <span class='ocr_line' id='line_1_7' title="bbox 244 1008 1388 1108; baseline 0.011 -36"><span class='ocrx_word' id='word_1_49' title='bbox 244 1015 337 1074; x_wconf 82' lang='grc'><strong>1731.</strong></span> <span class='ocrx_word' id='word_1_50' title='bbox 360 1017 389 1072; x_wconf 88' lang='lat'><strong>4.</strong></span> <span class='ocrx_word' id='word_1_51' title='bbox 410 1013 501 1108; x_wconf 84' lang='lat' dir='ltr'><strong>tomis</strong></span> <span class='ocrx_word' id='word_1_52' title='bbox 522 1008 590 1093; x_wconf 83' lang='lat' dir='ltr'><strong>lt),</strong></span> <span class='ocrx_word' id='word_1_53' title='bbox 623 1011 683 1072; x_wconf 86' lang='lat' dir='ltr'><strong>nisi</strong></span> <span class='ocrx_word' id='word_1_54' title='bbox 702 1018 920 1093; x_wconf 70' lang='lat' dir='ltr'><strong>properatione</strong></span> <span class='ocrx_word' id='word_1_55' title='bbox 939 1035 1013 1081; x_wconf 85' lang='lat' dir='ltr'><strong>usus</strong></span> <span class='ocrx_word' id='word_1_56' title='bbox 1035 1032 1111 1080; x_wconf 86' lang='lat' dir='ltr'><strong>esset</strong></span> <span class='ocrx_word' id='word_1_57' title='bbox 1130 1021 1324 1102; x_wconf 80' lang='lat' dir='ltr'><strong>importuna,</strong></span> <span class='ocrx_word' id='word_1_58' title='bbox 1344 1025 1388 1085; x_wconf 82' lang='lat' dir='ltr'><strong>ed</strong></span> 
     </span>
     <span class='ocr_line' id='line_1_8' title="bbox 242 1110 1387 1204; baseline 0.01 -29"><span class='ocrx_word' id='word_1_59' title='bbox 242 1133 335 1197; x_wconf 85' lang='lat' dir='ltr'><strong>quant</strong></span> <span class='ocrx_word' id='word_1_60' title='bbox 360 1114 426 1173; x_wconf 87' lang='lat' dir='ltr'><strong>sine</strong></span> <span class='ocrx_word' id='word_1_61' title='bbox 448 1110 545 1172; x_wconf 90' lang='lat' dir='ltr'><strong>dubio</strong></span> <span class='ocrx_word' id='word_1_62' title='bbox 564 1113 666 1192; x_wconf 85' lang='lat' dir='ltr'><strong>nbripi</strong></span> <span class='ocrx_word' id='word_1_63' title='bbox 686 1135 718 1174; x_wconf 86' lang='lat' dir='ltr'><strong>se</strong></span> <span class='ocrx_word' id='word_1_64' title='bbox 739 1137 847 1194; x_wconf 86' lang='lat' dir='ltr'><strong>passus</strong></span> <span class='ocrx_word' id='word_1_65' title='bbox 867 1132 912 1180; x_wconf 86' lang='lat' dir='ltr'><strong>cst</strong></span> <span class='ocrx_word' id='word_1_66' title='bbox 939 1117 1012 1180; x_wconf 90' lang='lat' dir='ltr'><strong>odio</strong></span> <span class='ocrx_word' id='word_1_67' title='bbox 1032 1123 1104 1196; x_wconf 85' lang='lat' dir='ltr'><strong>illo,</strong></span> <span class='ocrx_word' id='word_1_68' title='bbox 1136 1122 1220 1204; x_wconf 88' lang='lat' dir='ltr'><strong>quod</strong></span> <span class='ocrx_word' id='word_1_69' title='bbox 1240 1127 1273 1185; x_wconf 91' lang='lat' dir='ltr'><strong>in</strong></span> <span class='ocrx_word' id='word_1_70' title='bbox 1293 1127 1387 1187; x_wconf 79' lang='lat' dir='ltr'><strong>Prae·</strong></span> 
     </span>
    </p>
   </div>
   <div class='ocr_carea' id='block_1_3' title="bbox 173 1215 1387 3657">
    <p class='ocr_par' dir='ltr' id='par_1_3' title="bbox 173 1215 1387 3665">
     <span class='ocr_line' id='line_1_9' title="bbox 242 1215 1387 1296; baseline 0.003 -14"><span class='ocrx_word' id='word_1_71' title='bbox 242 1222 355 1282; x_wconf 85' lang='lat' dir='ltr'><strong>fstione</strong></span> <span class='ocrx_word' id='word_1_72' title='bbox 379 1215 461 1280; x_wconf 82' lang='lat' dir='ltr'><strong>etin</strong></span> <span class='ocrx_word' id='word_1_73' title='bbox 492 1216 559 1296; x_wconf 87' lang='lat' dir='ltr'><strong>ipso</strong></span> <span class='ocrx_word' id='word_1_74' title='bbox 583 1216 754 1280; x_wconf 85' lang='lat' dir='ltr'><strong>Comment.</strong></span> <span class='ocrx_word' id='word_1_75' title='bbox 788 1219 934 1284; x_wconf 86' lang='lat' dir='ltr'><strong>aduersus</strong></span> <span class='ocrx_word' id='word_1_76' title='bbox 956 1221 1033 1284; x_wconf 86' lang='lat' dir='ltr'><strong>duos</strong></span> <span class='ocrx_word' id='word_1_77' title='bbox 1061 1225 1133 1286; x_wconf 88' lang='lat' dir='ltr'><strong>illos</strong></span> <span class='ocrx_word' id='word_1_78' title='bbox 1152 1224 1283 1288; x_wconf 86' lang='lat' dir='ltr'><strong>editores</strong></span> <span class='ocrx_word' id='word_1_79' title='bbox 1302 1247 1387 1287; x_wconf 53' lang='lat' dir='ltr'><strong>acet*</strong></span> 
     </span>
     <span class='ocr_line' id='line_1_10' title="bbox 241 1320 1387 1402; baseline 0.003 -17"><span class='ocrx_word' id='word_1_80' title='bbox 241 1323 365 1384; x_wconf 87' lang='lat' dir='ltr'><strong>bissime</strong></span> <span class='ocrx_word' id='word_1_81' title='bbox 396 1320 538 1381; x_wconf 84' lang='lat' dir='ltr'><strong>exercuit.</strong></span> <span class='ocrx_word' id='word_1_82' title='bbox 590 1320 710 1380; x_wconf 82' lang='lat' dir='ltr'><strong>Etenim</strong></span> <span class='ocrx_word' id='word_1_83' title='bbox 739 1323 935 1388; x_wconf 87' lang='lat' dir='ltr'><strong>Burmannus</strong></span> <span class='ocrx_word' id='word_1_84' title='bbox 975 1327 1071 1386; x_wconf 89' lang='lat' dir='ltr'><strong>multa</strong></span> <span class='ocrx_word' id='word_1_85' title='bbox 1099 1327 1209 1388; x_wconf 83' lang='lat' dir='ltr'><strong>hebuit</strong></span> <span class='ocrx_word' id='word_1_86' title='bbox 1238 1325 1387 1402; x_wconf 76' lang='lat' dir='ltr'><strong>subsidia,</strong></span> 
     </span>
     <span class='ocr_line' id='line_1_11' title="bbox 241 1421 1384 1506; baseline 0.003 -19"><span class='ocrx_word' id='word_1_87' title='bbox 241 1448 280 1488; x_wconf 83' lang='lat' dir='ltr'><strong>ex</strong></span> <span class='ocrx_word' id='word_1_88' title='bbox 302 1424 415 1506; x_wconf 89' lang='lat' dir='ltr'><strong>quibus</strong></span> <span class='ocrx_word' id='word_1_89' title='bbox 435 1435 535 1480; x_wconf 88' lang='lat' dir='ltr'><strong>tamen</strong></span> <span class='ocrx_word' id='word_1_90' title='bbox 558 1421 673 1500; x_wconf 82' lang='lat' dir='ltr'><strong>optima</strong></span> <span class='ocrx_word' id='word_1_91' title='bbox 692 1437 744 1486; x_wconf 87' lang='lat' dir='ltr'><strong>sut</strong></span> <span class='ocrx_word' id='word_1_92' title='bbox 766 1427 858 1503; x_wconf 82' lang='lat' dir='ltr'><strong>plane</strong></span> <span class='ocrx_word' id='word_1_93' title='bbox 877 1424 999 1500; x_wconf 82' lang='lat' dir='ltr'><strong>reiecit,</strong></span> <span class='ocrx_word' id='word_1_94' title='bbox 1027 1439 1081 1488; x_wconf 88' lang='lat' dir='ltr'><strong>sut</strong></span> <span class='ocrx_word' id='word_1_95' title='bbox 1112 1426 1151 1488; x_wconf 87' lang='lat' dir='ltr'><strong>sd</strong></span> <span class='ocrx_word' id='word_1_96' title='bbox 1179 1429 1253 1491; x_wconf 87' lang='lat' dir='ltr'>libri</span> <span class='ocrx_word' id='word_1_97' title='bbox 1273 1431 1384 1490; x_wconf 77' lang='lat' dir='ltr'><strong>curem</strong></span> 
     </span>
     <span class='ocr_line' id='line_1_12' title="bbox 240 1526 1386 1607; baseline 0.006 -20"><span class='ocrx_word' id='word_1_98' title='bbox 240 1526 404 1604; x_wconf 76' lang='lat' dir='ltr'><strong>relegauit,</strong></span> <span class='ocrx_word' id='word_1_99' title='bbox 426 1526 514 1607; x_wconf 88' lang='lat' dir='ltr'><strong>quasi</strong></span> <span class='ocrx_word' id='word_1_100' title='bbox 528 1545 611 1588; x_wconf 85' lang='lat' dir='ltr'><strong>-uero</strong></span> <span class='ocrx_word' id='word_1_101' title='bbox 632 1526 692 1605; x_wconf 85' lang='lat' dir='ltr'><strong>ipsi</strong></span> <span class='ocrx_word' id='word_1_102' title='bbox 713 1527 757 1588; x_wconf 88' lang='lat' dir='ltr'><strong>eis</strong></span> <span class='ocrx_word' id='word_1_103' title='bbox 779 1547 840 1589; x_wconf 84' lang='lat' dir='ltr'><strong>nen</strong></span> <span class='ocrx_word' id='word_1_104' title='bbox 863 1549 941 1607; x_wconf 85' lang='lat' dir='ltr'><strong>opus</strong></span> <span class='ocrx_word' id='word_1_105' title='bbox 961 1528 1076 1590; x_wconf 83' lang='lat' dir='ltr'><strong>fuisset.</strong></span> <span class='ocrx_word' id='word_1_106' title='bbox 1120 1528 1203 1604; x_wconf 82' lang='lat' dir='ltr'><strong>Quid</strong></span> <span class='ocrx_word' id='word_1_107' title='bbox 1226 1533 1307 1592; x_wconf 74' lang='lat' dir='ltr'><strong>enIm</strong></span> <span class='ocrx_word' id='word_1_108' title='bbox 1326 1533 1386 1594; x_wconf 87' lang='lat' dir='ltr'><strong>hec</strong></span> 
     </span>
     <span class='ocr_line' id='line_1_13' title="bbox 239 1625 1385 1711; baseline 0.003 -21"><span class='ocrx_word' id='word_1_109' title='bbox 239 1631 299 1690; x_wconf 87' lang='lat' dir='ltr'><strong>sibi</strong></span> <span class='ocrx_word' id='word_1_110' title='bbox 319 1631 403 1703; x_wconf 91' lang='lat' dir='ltr'><strong>uult,</strong></span> <span class='ocrx_word' id='word_1_111' title='bbox 431 1628 458 1690; x_wconf 84' lang='lat' dir='ltr'><strong>si</strong></span> <span class='ocrx_word' id='word_1_112' title='bbox 478 1625 566 1704; x_wconf 88' lang='lat' dir='ltr'><strong>dicit,</strong></span> <span class='ocrx_word' id='word_1_113' title='bbox 594 1649 626 1690; x_wconf 91' lang='lat' dir='ltr'><strong>se</strong></span> <span class='ocrx_word' id='word_1_114' title='bbox 648 1650 683 1690; x_wconf 86' lang='lat' dir='ltr'><strong>es</strong></span> <span class='ocrx_word' id='word_1_115' title='bbox 705 1629 787 1690; x_wconf 82' lang='lat' dir='ltr'><strong>serio</strong></span> <span class='ocrx_word' id='word_1_116' title='bbox 808 1627 976 1711; x_wconf 83' lang='lat' dir='ltr'><strong>accepisse?</strong></span> <span class='ocrx_word' id='word_1_117' title='bbox 1019 1629 1220 1694; x_wconf 82' lang='lat' dir='ltr'><strong>Retractende</strong></span> <span class='ocrx_word' id='word_1_118' title='bbox 1250 1633 1385 1708; x_wconf 73' lang='lat' dir='ltr'><strong>inierunt,</strong></span> 
     </span>
     <span class='ocr_line' id='line_1_14' title="bbox 241 1731 1384 1814; baseline 0.004 -22"><span class='ocrx_word' id='word_1_119' title='bbox 241 1753 320 1814; x_wconf 83' lang='lat' dir='ltr'><strong>quse</strong></span> <span class='ocrx_word' id='word_1_120' title='bbox 350 1733 403 1792; x_wconf 88' lang='lat' dir='ltr'><strong>ille</strong></span> <span class='ocrx_word' id='word_1_121' title='bbox 431 1744 578 1812; x_wconf 78' lang='lat' dir='ltr'><strong>tanquam</strong></span> <span class='ocrx_word' id='word_1_122' title='bbox 609 1731 741 1810; x_wconf 82' lang='lat' dir='ltr'><strong>perfecta</strong></span> <span class='ocrx_word' id='word_1_123' title='bbox 773 1732 908 1794; x_wconf 84' lang='lat' dir='ltr'><strong>retinuit.</strong></span> <span class='ocrx_word' id='word_1_124' title='bbox 957 1732 1133 1798; x_wconf 80' lang='lat' dir='ltr'><strong>Nemesiani</strong></span> <span class='ocrx_word' id='word_1_125' title='bbox 1163 1745 1192 1796; x_wconf 86' lang='lat' dir='ltr'><strong>et</strong></span> <span class='ocrx_word' id='word_1_126' title='bbox 1223 1733 1384 1814; x_wconf 77' lang='lat' dir='ltr'><strong>Calpurnii</strong></span> 
     </span>
     <span class='ocr_line' id='line_1_15' title="bbox 241 1817 1384 1918; baseline 0 -20"><span class='ocrx_word' id='word_1_127' title='bbox 241 1817 367 1915; x_wconf 67' lang='lat' dir='ltr'><strong>tnto&#39;gae</strong></span> <span class='ocrx_word' id='word_1_128' title='bbox 384 1833 468 1915; x_wconf 87' lang='lat' dir='ltr'><strong>apud</strong></span> <span class='ocrx_word' id='word_1_129' title='bbox 486 1855 556 1896; x_wconf 88' lang='lat' dir='ltr'><strong>eum</strong></span> <span class='ocrx_word' id='word_1_130' title='bbox 577 1848 695 1897; x_wconf 87' lang='lat' dir='ltr'><strong>exstant</strong></span> <span class='ocrx_word' id='word_1_131' title='bbox 715 1835 983 1913; x_wconf 73' lang='lat' dir='ltr'><strong>intumentium,</strong></span> <span class='ocrx_word' id='word_1_132' title='bbox 1003 1835 1165 1898; x_wconf 79' lang='lat' dir='ltr'><strong>instructae</strong></span> <span class='ocrx_word' id='word_1_133' title='bbox 1185 1855 1256 1898; x_wconf 88' lang='lat' dir='ltr'><strong>cum</strong></span> <span class='ocrx_word' id='word_1_134' title='bbox 1278 1839 1384 1918; x_wconf 87' lang='lat' dir='ltr'><strong>ipsius,</strong></span> 
     </span>
     <span class='ocr_line' id='line_1_16' title="bbox 239 1935 1381 2012; baseline 0.004 -13"><span class='ocrx_word' id='word_1_135' title='bbox 239 1952 306 2000; x_wconf 87' lang='lat' dir='ltr'><strong>tum</strong></span> <span class='ocrx_word' id='word_1_136' title='bbox 325 1938 475 2012; x_wconf 86' lang='lat' dir='ltr'><strong>eliorum,</strong></span> <span class='ocrx_word' id='word_1_137' title='bbox 509 1958 564 1998; x_wconf 89' lang='lat' dir='ltr'><strong>nec</strong></span> <span class='ocrx_word' id='word_1_138' title='bbox 582 1955 644 1998; x_wconf 88' lang='lat' dir='ltr'><strong>non</strong></span> <span class='ocrx_word' id='word_1_139' title='bbox 676 1937 713 2000; x_wconf 85' lang='lat' dir='ltr'><strong>tt.</strong></span> <span class='ocrx_word' id='word_1_140' title='bbox 746 1937 823 1998; x_wconf 87' lang='lat' dir='ltr'><strong>Titii</strong></span> <span class='ocrx_word' id='word_1_141' title='bbox 852 1937 933 1998; x_wconf 85' lang='lat' dir='ltr'><strong>notis</strong></span> <span class='ocrx_word' id='word_1_142' title='bbox 963 1935 1107 2011; x_wconf 88' lang='lat' dir='ltr'><strong>ineditis,</strong></span> <span class='ocrx_word' id='word_1_143' title='bbox 1138 1939 1260 2000; x_wconf 88' lang='lat' dir='ltr'><strong>omissis</strong></span> <span class='ocrx_word' id='word_1_144' title='bbox 1281 1937 1381 2002; x_wconf 81' lang='lat' dir='ltr'><strong>tamen</strong></span> 
     </span>
     <span class='ocr_line' id='line_1_17' title="bbox 240 2037 1382 2124; baseline 0.001 -22"><span class='ocrx_word' id='word_1_145' title='bbox 240 2042 376 2103; x_wconf 80' lang='lat' dir='ltr'><strong>Ascensii</strong></span> <span class='ocrx_word' id='word_1_146' title='bbox 403 2055 433 2103; x_wconf 91' lang='lat' dir='ltr'><strong>et</strong></span> <span class='ocrx_word' id='word_1_147' title='bbox 463 2038 632 2102; x_wconf 87' lang='lat' dir='ltr'><strong>Guidalotti</strong></span> <span class='ocrx_word' id='word_1_148' title='bbox 664 2037 908 2102; x_wconf 78' lang='lat' dir='ltr'><strong>Commentariis.</strong></span> <span class='ocrx_word' id='word_1_149' title='bbox 950 2037 1113 2115; x_wconf 81' lang='lat' dir='ltr'><strong>Subsidis,¹</strong></span> <span class='ocrx_word' id='word_1_150' title='bbox 1135 2063 1215 2124; x_wconf 79' lang='lat' dir='ltr'><strong>quae</strong></span> <span class='ocrx_word' id='word_1_151' title='bbox 1242 2044 1279 2103; x_wconf 90' lang='lat' dir='ltr'><strong>in</strong></span> <span class='ocrx_word' id='word_1_152' title='bbox 1313 2045 1382 2123; x_wconf 82' lang='lat' dir='ltr'><strong>ipso</strong></span> 
     </span>
     <span class='ocr_line' id='line_1_18' title="bbox 239 2138 1382 2221; baseline 0.002 -16"><span class='ocrx_word' id='word_1_153' title='bbox 239 2145 409 2205; x_wconf 87' lang='lat' dir='ltr'><strong>Comment.</strong></span> <span class='ocrx_word' id='word_1_154' title='bbox 431 2138 568 2202; x_wconf 82' lang='lat' dir='ltr'><strong>adhibite</strong></span> <span class='ocrx_word' id='word_1_155' title='bbox 590 2153 681 2215; x_wconf 74' lang='lat' dir='ltr'><strong>scrut,</strong></span> <span class='ocrx_word' id='word_1_156' title='bbox 714 2149 835 2219; x_wconf 78' lang='lat' dir='ltr'><strong>praeter</strong></span> <span class='ocrx_word' id='word_1_157' title='bbox 862 2141 953 2202; x_wconf 85' lang='lat' dir='ltr'><strong>Vlitii</strong></span> <span class='ocrx_word' id='word_1_158' title='bbox 981 2142 1084 2221; x_wconf 85' lang='lat' dir='ltr'><strong>copias</strong></span> <span class='ocrx_word' id='word_1_159' title='bbox 1111 2144 1291 2206; x_wconf 91' lang='lat' dir='ltr'><strong>Burmauno</strong></span> <span class='ocrx_word' id='word_1_160' title='bbox 1314 2145 1382 2208; x_wconf 83' lang='lat' dir='ltr'><strong>fue·</strong></span> 
     </span>
     <span class='ocr_line' id='line_1_19' title="bbox 238 2235 1382 2310; baseline -0.001 -1"><span class='ocrx_word' id='word_1_161' title='bbox 238 2263 312 2310; x_wconf 87' lang='lat' dir='ltr'><strong>runt</strong></span> <span class='ocrx_word' id='word_1_162' title='bbox 331 2249 423 2308; x_wconf 85' lang='lat' dir='ltr'><strong>haec:</strong></span> <span class='ocrx_word' id='word_1_163' title='bbox 458 2241 510 2306; x_wconf 80' lang='lat' dir='ltr'><strong>cd.</strong></span> <span class='ocrx_word' id='word_1_164' title='bbox 534 2241 697 2310; x_wconf 85' lang='lat' dir='ltr'><strong>Heinsii,</strong></span> <span class='ocrx_word' id='word_1_165' title='bbox 726 2240 779 2304; x_wconf 82' lang='lat' dir='ltr'><strong>cd.</strong></span> <span class='ocrx_word' id='word_1_166' title='bbox 815 2235 856 2304; x_wconf 89' lang='lat' dir='ltr'><em>V</em></span> <span class='ocrx_word' id='word_1_167' title='bbox 850 2241 1027 2310; x_wconf 76' lang='lat' dir='ltr'><strong>casianus.</strong></span> <span class='ocrx_word' id='word_1_168' title='bbox 1056 2242 1110 2309; x_wconf 84' lang='lat' dir='ltr'><strong>cd.</strong></span> <span class='ocrx_word' id='word_1_169' title='bbox 1135 2243 1382 2308; x_wconf 81' lang='lat' dir='ltr'><strong>Dornillionus</strong></span> 
     </span>
     <span class='ocr_line' id='line_1_20' title="bbox 238 2339 1381 2434; baseline -0.001 -23"><span class='ocrx_word' id='word_1_170' title='bbox 238 2349 401 2434; x_wconf 74' lang='lat' dir='ltr'><strong>(quartus</strong></span> <span class='ocrx_word' id='word_1_171' title='bbox 423 2358 551 2426; x_wconf 87' lang='lat' dir='ltr'><strong>propter</strong></span> <span class='ocrx_word' id='word_1_172' title='bbox 577 2343 735 2426; x_wconf 79' lang='lat' dir='ltr'><strong>sequentia</strong></span> <span class='ocrx_word' id='word_1_173' title='bbox 755 2339 857 2426; x_wconf 78' lang='lat' dir='ltr'><strong>edd.):</strong></span> <span class='ocrx_word' id='word_1_174' title='bbox 889 2344 969 2407; x_wconf 86' lang='lat' dir='ltr'><strong>nibil</strong></span> <span class='ocrx_word' id='word_1_175' title='bbox 989 2357 1091 2409; x_wconf 80' lang='lat' dir='ltr'><strong>autem</strong></span> <span class='ocrx_word' id='word_1_176' title='bbox 1121 2344 1160 2408; x_wconf 85' lang='lat' dir='ltr'><strong>de</strong></span> <span class='ocrx_word' id='word_1_177' title='bbox 1180 2361 1308 2408; x_wconf 81' lang='lat' dir='ltr'><strong>externe</strong></span> <span class='ocrx_word' id='word_1_178' title='bbox 1328 2370 1381 2410; x_wconf 84' lang='lat' dir='ltr'><strong>eo·</strong></span> 
     </span>
     <span class='ocr_line' id='line_1_21' title="bbox 237 2443 1381 2515; baseline -0.002 0"><span class='ocrx_word' id='word_1_179' title='bbox 237 2472 308 2515; x_wconf 85' lang='lat' dir='ltr'><strong>rum</strong></span> <span class='ocrx_word' id='word_1_180' title='bbox 329 2448 503 2512; x_wconf 87' lang='lat' dir='ltr'><strong>conditione</strong></span> <span class='ocrx_word' id='word_1_181' title='bbox 523 2449 633 2511; x_wconf 86' lang='lat' dir='ltr'><strong>attulit.</strong></span> <span class='ocrx_word' id='word_1_182' title='bbox 676 2447 723 2509; x_wconf 84' lang='lat' dir='ltr'><strong>Ex</strong></span> <span class='ocrx_word' id='word_1_183' title='bbox 742 2443 929 2511; x_wconf 71' lang='lat' dir='ltr'><strong>editionibus</strong></span> <span class='ocrx_word' id='word_1_184' title='bbox 953 2448 1062 2511; x_wconf 84' lang='lat' dir='ltr'><strong>bsbuit</strong></span> <span class='ocrx_word' id='word_1_185' title='bbox 1081 2447 1129 2514; x_wconf 89' lang='lat' dir='ltr'><strong>ed.</strong></span> <span class='ocrx_word' id='word_1_186' title='bbox 1149 2451 1238 2513; x_wconf 83' lang='lat' dir='ltr'><strong>Rom.</strong></span> <span class='ocrx_word' id='word_1_187' title='bbox 1262 2462 1292 2513; x_wconf 89' lang='lat' dir='ltr'><strong>et</strong></span> <span class='ocrx_word' id='word_1_188' title='bbox 1309 2451 1381 2513; x_wconf 86' lang='lat' dir='ltr'><strong>Flo-</strong></span> 
     </span>
     <span class='ocr_line' id='line_1_22' title="bbox 237 2548 1380 2630; baseline -0.003 -14"><span class='ocrx_word' id='word_1_189' title='bbox 237 2566 316 2616; x_wconf 81' lang='lat' dir='ltr'><strong>sent.</strong></span> <span class='ocrx_word' id='word_1_190' title='bbox 336 2555 460 2627; x_wconf 85' lang='lat' dir='ltr'><strong>Iuntse,</strong></span> <span class='ocrx_word' id='word_1_191' title='bbox 492 2549 545 2611; x_wconf 87' lang='lat' dir='ltr'><strong>sed</strong></span> <span class='ocrx_word' id='word_1_192' title='bbox 575 2553 654 2613; x_wconf 88' lang='lat' dir='ltr'><strong>hanc</strong></span> <span class='ocrx_word' id='word_1_193' title='bbox 675 2571 712 2611; x_wconf 90' lang='lat' dir='ltr'><strong>ne</strong></span> <span class='ocrx_word' id='word_1_194' title='bbox 733 2550 868 2628; x_wconf 73' lang='lat' dir='ltr'><strong>inspexit</strong></span> <span class='ocrx_word' id='word_1_195' title='bbox 897 2548 1035 2630; x_wconf 89' lang='lat' dir='ltr'><strong>quidem.</strong></span> <span class='ocrx_word' id='word_1_196' title='bbox 1078 2549 1128 2613; x_wconf 77' lang='lat' dir='ltr'><strong>Ad</strong></span> <span class='ocrx_word' id='word_1_197' title='bbox 1149 2550 1284 2617; x_wconf 86' lang='lat' dir='ltr'><strong>ciusdem</strong></span> <span class='ocrx_word' id='word_1_198' title='bbox 1305 2554 1380 2614; x_wconf 82' lang='lat' dir='ltr'><strong>torni</strong></span> 
     </span>
     <span class='ocr_line' id='line_1_23' title="bbox 238 2651 1378 2732; baseline -0.001 -14"><span class='ocrx_word' id='word_1_199' title='bbox 238 2660 347 2718; x_wconf 78' lang='lat' dir='ltr'><strong>calcem</strong></span> <span class='ocrx_word' id='word_1_200' title='bbox 370 2652 475 2717; x_wconf 80' lang='lat' dir='ltr'><strong>addita</strong></span> <span class='ocrx_word' id='word_1_201' title='bbox 495 2665 565 2714; x_wconf 85' lang='lat' dir='ltr'><strong>sunt</strong></span> <span class='ocrx_word' id='word_1_202' title='bbox 587 2652 733 2716; x_wconf 86' lang='lat' dir='ltr'><strong>Duruillii</strong></span> <span class='ocrx_word' id='word_1_203' title='bbox 754 2652 922 2729; x_wconf 84' lang='lat' dir='ltr'><strong>Excerpta,</strong></span> <span class='ocrx_word' id='word_1_204' title='bbox 955 2651 988 2712; x_wconf 89' lang='lat' dir='ltr'><strong>in</strong></span> <span class='ocrx_word' id='word_1_205' title='bbox 1024 2653 1138 2732; x_wconf 89' lang='lat' dir='ltr'><strong>quibus</strong></span> <span class='ocrx_word' id='word_1_206' title='bbox 1165 2654 1204 2713; x_wconf 88' lang='lat' dir='ltr'><strong>eb</strong></span> <span class='ocrx_word' id='word_1_207' title='bbox 1228 2654 1286 2715; x_wconf 84' lang='lat' dir='ltr'><strong>ltoc</strong></span> <span class='ocrx_word' id='word_1_208' title='bbox 1310 2656 1378 2717; x_wconf 86' lang='lat' dir='ltr'><strong>uiro</strong></span> 
     </span>
     <span class='ocr_line' id='line_1_24' title="bbox 238 2753 1379 2838; baseline -0.004 -17"><span class='ocrx_word' id='word_1_209' title='bbox 238 2760 403 2838; x_wconf 75' lang='lat' dir='ltr'><strong>scripturae</strong></span> <span class='ocrx_word' id='word_1_210' title='bbox 424 2756 517 2819; x_wconf 86' lang='lat' dir='ltr'><strong>trium</strong></span> <span class='ocrx_word' id='word_1_211' title='bbox 540 2753 676 2818; x_wconf 87' lang='lat' dir='ltr'><strong>codicum</strong></span> <span class='ocrx_word' id='word_1_212' title='bbox 699 2768 837 2825; x_wconf 77' lang='lat' dir='ltr'><strong>enotatas</strong></span> <span class='ocrx_word' id='word_1_213' title='bbox 857 2766 938 2815; x_wconf 85' lang='lat' dir='ltr'><strong>sunt.</strong></span> <span class='ocrx_word' id='word_1_214' title='bbox 982 2755 1101 2815; x_wconf 75' lang='lat' dir='ltr'><strong>Deliis</strong></span> <span class='ocrx_word' id='word_1_215' title='bbox 1122 2756 1267 2832; x_wconf 77' lang='lat' dir='ltr'><strong>omnibus</strong></span> <span class='ocrx_word' id='word_1_216' title='bbox 1286 2777 1379 2836; x_wconf 87' lang='lat' dir='ltr'><strong>supra</strong></span> 
     </span>
     <span class='ocr_line' id='line_1_25' title="bbox 238 2844 1379 2938; baseline -0.003 -16"><span class='ocrx_word' id='word_1_217' title='bbox 238 2862 300 2922; x_wconf 84' lang='lat' dir='ltr'><strong>iarn</strong></span> <span class='ocrx_word' id='word_1_218' title='bbox 320 2858 584 2938; x_wconf 74' lang='lat' dir='ltr'><strong>disputaremest.</strong></span> <span class='ocrx_word' id='word_1_219' title='bbox 616 2892 660 2907; x_wconf 92' lang='lat'><em>-</em></span> <span class='ocrx_word' id='word_1_220' title='bbox 687 2854 861 2923; x_wconf 82' lang='lat' dir='ltr'><strong>Secundum</strong></span> <span class='ocrx_word' id='word_1_221' title='bbox 887 2857 1059 2919; x_wconf 76' lang='lat' dir='ltr'><strong>Burmanni</strong></span> <span class='ocrx_word' id='word_1_222' title='bbox 1085 2844 1293 2920; x_wconf 79' lang='lat' dir='ltr'><strong>recensionem</strong></span> <span class='ocrx_word' id='word_1_223' title='bbox 1324 2879 1379 2919; x_wconf 81' lang='lat' dir='ltr'><strong>ex·</strong></span> 
     </span>
     <span class='ocr_line' id='line_1_26' title="bbox 173 2952 1378 3043; baseline 0 -20"><span class='ocrx_word' id='word_1_224' title='bbox 173 3006 175 3011; x_wconf 88' lang='lat'>-</span> <span class='ocrx_word' id='word_1_225' title='bbox 240 2983 341 3042; x_wconf 83' lang='lat' dir='ltr'><strong>presse</strong></span> <span class='ocrx_word' id='word_1_226' title='bbox 364 2958 480 3023; x_wconf 77' lang='lat' dir='ltr'><strong>ested.</strong></span> <span class='ocrx_word' id='word_1_227' title='bbox 503 2955 745 3043; x_wconf 81' lang='lat' dir='ltr'><strong>Glnsgteensis.</strong></span> <span class='ocrx_word' id='word_1_228' title='bbox 773 2961 866 3020; x_wconf 81' lang='grc'><strong>1752.</strong></span> <span class='ocrx_word' id='word_1_229' title='bbox 889 2962 919 3018; x_wconf 90' lang='lat'><strong>8.</strong></span> <span class='ocrx_word' id='word_1_230' title='bbox 951 2956 1004 3020; x_wconf 84' lang='lat' dir='ltr'><strong>ed.</strong></span> <span class='ocrx_word' id='word_1_231' title='bbox 1027 2952 1378 3023; x_wconf 71' lang='lat' dir='ltr'><strong>Milnuieneis.1774.</strong></span> 
     </span>
     <span class='ocr_line' id='line_1_27' title="bbox 241 3053 1379 3146; baseline -0.002 -20"><span class='ocrx_word' id='word_1_232' title='bbox 241 3068 271 3126; x_wconf 88' lang='lat'><strong>8.</strong></span> <span class='ocrx_word' id='word_1_233' title='bbox 293 3062 376 3146; x_wconf 85' lang='lat' dir='ltr'><strong>(cum</strong></span> <span class='ocrx_word' id='word_1_234' title='bbox 396 3059 567 3124; x_wconf 77' lang='lat' dir='ltr'><strong>Burmanni</strong></span> <span class='ocrx_word' id='word_1_235' title='bbox 586 3059 732 3137; x_wconf 77' lang='lat' dir='ltr'><strong>integris,</strong></span> <span class='ocrx_word' id='word_1_236' title='bbox 752 3060 946 3139; x_wconf 62' lang='lat' dir='ltr'><strong>aliorumm</strong></span> <span class='ocrx_word' id='word_1_237' title='bbox 966 3057 1083 3133; x_wconf 75' lang='lat' dir='ltr'><strong>selectis</strong></span> <span class='ocrx_word' id='word_1_238' title='bbox 1101 3053 1243 3141; x_wconf 54' lang='lat' dir='ltr'><strong>adeon.)</strong></span> <span class='ocrx_word' id='word_1_239' title='bbox 1288 3059 1379 3123; x_wconf 85' lang='lat' dir='ltr'><strong>Poe-</strong></span> 
     </span>
     <span class='ocr_line' id='line_1_28' title="bbox 239 3155 1379 3227; baseline -0.003 -1"><span class='ocrx_word' id='word_1_240' title='bbox 239 3174 296 3227; x_wconf 86' lang='lat' dir='ltr'><strong>tne</strong></span> <span class='ocrx_word' id='word_1_241' title='bbox 327 3162 412 3225; x_wconf 82' lang='lat' dir='ltr'><strong>Lot.</strong></span> <span class='ocrx_word' id='word_1_242' title='bbox 440 3168 587 3223; x_wconf 79' lang='lat' dir='ltr'><strong>ueteres.</strong></span> <span class='ocrx_word' id='word_1_243' title='bbox 612 3155 815 3221; x_wconf 83' lang='lat' dir='ltr'><strong>Florentiae</strong></span> <span class='ocrx_word' id='word_1_244' title='bbox 845 3161 1023 3222; x_wconf 76' lang='lat'><strong>1827-29.</strong></span> <span class='ocrx_word' id='word_1_245' title='bbox 1055 3159 1169 3221; x_wconf 90' lang='lat' dir='ltr'><strong>8mai.</strong></span> <span class='ocrx_word' id='word_1_246' title='bbox 1198 3174 1227 3221; x_wconf 88' lang='lat' dir='ltr'><strong>et</strong></span> <span class='ocrx_word' id='word_1_247' title='bbox 1243 3162 1379 3223; x_wconf 71' lang='lat' dir='ltr'><strong>¹fortusse</strong></span> 
     </span>
     <span class='ocr_line' id='line_1_29' title="bbox 240 3260 1379 3349; baseline -0.002 -20"><span class='ocrx_word' id='word_1_248' title='bbox 240 3262 402 3329; x_wconf 81' lang='lat' dir='ltr'><strong>Colleciio</strong></span> <span class='ocrx_word' id='word_1_249' title='bbox 424 3260 664 3335; x_wconf 73' lang='lat' dir='ltr'><strong>Pisaurensis.</strong></span> <span class='ocrx_word' id='word_1_250' title='bbox 686 3264 780 3323; x_wconf 87' lang='grc'><strong>1766.</strong></span> <span class='ocrx_word' id='word_1_251' title='bbox 798 3268 829 3325; x_wconf 90' lang='lat'><strong>4.</strong></span> <span class='ocrx_word' id='word_1_252' title='bbox 874 3260 1007 3347; x_wconf 76' lang='lat' dir='ltr'><strong>Corpus</strong></span> <span class='ocrx_word' id='word_1_253' title='bbox 1025 3271 1210 3349; x_wconf 79' lang='lat' dir='ltr'><strong>poetarum</strong></span> <span class='ocrx_word' id='word_1_254' title='bbox 1231 3262 1314 3328; x_wconf 87' lang='lat' dir='ltr'><strong>Lot.</strong></span> <span class='ocrx_word' id='word_1_255' title='bbox 1329 3266 1379 3327; x_wconf 84' lang='lat' dir='ltr'><strong>ed.</strong></span> 
     </span>
     <span class='ocr_line' id='line_1_30' title="bbox 240 3359 1377 3448; baseline -0.002 -17"><span class='ocrx_word' id='word_1_256' title='bbox 240 3360 404 3431; x_wconf 77' lang='lat' dir='ltr'><strong>Walter.</strong></span> <span class='ocrx_word' id='word_1_257' title='bbox 434 3359 590 3425; x_wconf 79' lang='lat' dir='ltr'><strong>Londini</strong></span> <span class='ocrx_word' id='word_1_258' title='bbox 611 3365 664 3443; x_wconf 78' lang='grc'><strong>17.</strong></span> <span class='ocrx_word' id='word_1_259' title='bbox 683 3405 693 3426; x_wconf 87' lang='grc'><strong>.</strong></span> <span class='ocrx_word' id='word_1_260' title='bbox 714 3360 768 3448; x_wconf 74' lang='lat' dir='ltr'><strong>(i).</strong></span> <span class='ocrx_word' id='word_1_261' title='bbox 790 3399 833 3411; x_wconf 94' lang='lat'><em>-</em></span> <span class='ocrx_word' id='word_1_262' title='bbox 856 3366 975 3430; x_wconf 80' lang='lat' dir='ltr'><strong>Rursus</strong></span> <span class='ocrx_word' id='word_1_263' title='bbox 995 3378 1065 3445; x_wconf 89' lang='lat' dir='ltr'><strong>post</strong></span> <span class='ocrx_word' id='word_1_264' title='bbox 1086 3366 1213 3443; x_wconf 74' lang='lat' dir='ltr'><strong>tongum</strong></span> <span class='ocrx_word' id='word_1_265' title='bbox 1234 3368 1377 3446; x_wconf 79' lang='lat' dir='ltr'><strong>temporis</strong></span> 
     </span>
     <span class='ocr_line' id='line_1_31' title="bbox 238 3458 1379 3549; baseline 0.001 -18"><span class='ocrx_word' id='word_1_266' title='bbox 238 3468 370 3549; x_wconf 83' lang='lat' dir='ltr'><strong>spatium</strong></span> <span class='ocrx_word' id='word_1_267' title='bbox 408 3485 508 3527; x_wconf 90' lang='lat' dir='ltr'><strong>nouus</strong></span> <span class='ocrx_word' id='word_1_268' title='bbox 536 3470 753 3549; x_wconf 80' lang='lat' dir='ltr'><strong>praeclareque</strong></span> <span class='ocrx_word' id='word_1_269' title='bbox 783 3469 912 3533; x_wconf 83' lang='lat' dir='ltr'><strong>metitus</strong></span> <span class='ocrx_word' id='word_1_270' title='bbox 949 3470 1065 3532; x_wconf 82' lang='lat' dir='ltr'><strong>exstitit</strong></span> <span class='ocrx_word' id='word_1_271' title='bbox 1104 3467 1266 3549; x_wconf 74' lang='lat' dir='ltr'><strong>Calpurnii</strong></span> <span class='ocrx_word' id='word_1_272' title='bbox 1292 3458 1379 3532; x_wconf 71' lang='lat' dir='ltr'><strong>Ecle-</strong></span> 
     </span>
     <span class='ocr_line' id='line_1_32' title="bbox 240 3567 1378 3657; baseline 0.001 -24"><span class='ocrx_word' id='word_1_273' title='bbox 240 3592 348 3651; x_wconf 79' lang='lat' dir='ltr'><strong>garunr</strong></span> <span class='ocrx_word' id='word_1_274' title='bbox 381 3567 498 3644; x_wconf 83' lang='lat' dir='ltr'><strong>editor,</strong></span> <span class='ocrx_word' id='word_1_275' title='bbox 537 3568 588 3634; x_wconf 89' lang='lat' dir='ltr'><strong>Io.</strong></span> <span class='ocrx_word' id='word_1_276' title='bbox 619 3568 814 3637; x_wconf 80' lang='lat' dir='ltr'><strong>Christian.</strong></span> <span class='ocrx_word' id='word_1_277' title='bbox 852 3570 911 3637; x_wconf 87' lang='lat' dir='ltr'><em>W</em></span> <span class='ocrx_word' id='word_1_278' title='bbox 906 3567 1123 3654; x_wconf 78' lang='lat' dir='ltr'><strong>ernedorfins</strong></span> <span class='ocrx_word' id='word_1_279' title='bbox 1158 3572 1282 3657; x_wconf 79' lang='lat' dir='ltr'><strong>(Poetae</strong></span> <span class='ocrx_word' id='word_1_280' title='bbox 1312 3571 1378 3634; x_wconf 78' lang='lat' dir='ltr'><strong>Lat.</strong></span> 
     </span>
    </p>
   </div>
   <div class='ocr_carea' id='block_1_4' title="bbox 83 3652 1379 3756">
    <p class='ocr_par' dir='ltr' id='par_1_4' title="bbox 83 3652 1379 3756">
     <span class='ocr_line' id='line_1_33' title="bbox 83 3652 1379 3756; baseline -0.003 -20"><span class='ocrx_word' id='word_1_281' title='bbox 83 3652 92 3672; x_wconf 59' lang='lat'><em>&#39;</em></span> <span class='ocrx_word' id='word_1_282' title='bbox 130 3750 134 3756; x_wconf 84' lang='lat'><strong>.</strong></span> <span class='ocrx_word' id='word_1_283' title='bbox 239 3676 313 3735; x_wconf 86' lang='lat' dir='ltr'><strong>min.</strong></span> <span class='ocrx_word' id='word_1_284' title='bbox 335 3672 464 3734; x_wconf 77' lang='grc'><strong>1011111.</strong></span> <span class='ocrx_word' id='word_1_285' title='bbox 485 3671 676 3751; x_wconf 84' lang='lat' dir='ltr'><strong>Altenburgi.</strong></span> <span class='ocrx_word' id='word_1_286' title='bbox 700 3675 795 3737; x_wconf 85' lang='grc'><strong>1780.</strong></span> <span class='ocrx_word' id='word_1_287' title='bbox 819 3678 849 3738; x_wconf 91' lang='lat'><strong>8.</strong></span> <span class='ocrx_word' id='word_1_288' title='bbox 883 3695 953 3738; x_wconf 91' lang='lat' dir='ltr'><strong>cum</strong></span> <span class='ocrx_word' id='word_1_289' title='bbox 982 3672 1209 3748; x_wconf 81' lang='lat' dir='ltr'><strong>Introductions</strong></span> <span class='ocrx_word' id='word_1_290' title='bbox 1238 3673 1379 3753; x_wconf 87' lang='lat' dir='ltr'><strong>copiosis·</strong></span> 
     </span>
    </p>
   </div>
   <div class='ocr_carea' id='block_1_5' title="bbox 237 3766 1379 4473">
    <p class='ocr_par' dir='ltr' id='par_1_5' title="bbox 237 3766 1379 4473">
     <span class='ocr_line' id='line_1_34' title="bbox 240 3766 1378 3857; baseline -0.002 -20"><span class='ocrx_word' id='word_1_291' title='bbox 240 3777 316 3837; x_wconf 87' lang='lat' dir='ltr'><strong>sima</strong></span> <span class='ocrx_word' id='word_1_292' title='bbox 338 3788 367 3839; x_wconf 90' lang='lat' dir='ltr'><strong>et</strong></span> <span class='ocrx_word' id='word_1_293' title='bbox 387 3770 650 3857; x_wconf 81' lang='lat' dir='ltr'><strong>Comnrentariu).</strong></span> <span class='ocrx_word' id='word_1_294' title='bbox 694 3774 733 3835; x_wconf 80' lang='lat' dir='ltr'><strong>lit</strong></span> <span class='ocrx_word' id='word_1_295' title='bbox 758 3777 857 3839; x_wconf 87' lang='lat' dir='ltr'><strong>multa</strong></span> <span class='ocrx_word' id='word_1_296' title='bbox 876 3795 949 3838; x_wconf 86' lang='lat' dir='ltr'><strong>sane</strong></span> <span class='ocrx_word' id='word_1_297' title='bbox 970 3775 1045 3835; x_wconf 88' lang='lat' dir='ltr'><strong>haec</strong></span> <span class='ocrx_word' id='word_1_298' title='bbox 1064 3772 1158 3840; x_wconf 87' lang='lat' dir='ltr'><strong>editio</strong></span> <span class='ocrx_word' id='word_1_299' title='bbox 1179 3766 1378 3857; x_wconf 82' lang='lat' dir='ltr'><strong>babet,.quse</strong></span> 
     </span>
     <span class='ocr_line' id='line_1_35' title="bbox 239 3874 1379 3947; baseline -0.002 -8"><span class='ocrx_word' id='word_1_300' title='bbox 239 3896 358 3942; x_wconf 81' lang='lat' dir='ltr'><strong>summa</strong></span> <span class='ocrx_word' id='word_1_301' title='bbox 387 3898 458 3939; x_wconf 86' lang='lat' dir='ltr'><strong>cum</strong></span> <span class='ocrx_word' id='word_1_302' title='bbox 479 3874 569 3937; x_wconf 85' lang='lat' dir='ltr'><strong>laude</strong></span> <span class='ocrx_word' id='word_1_303' title='bbox 602 3876 867 3940; x_wconf 79' lang='lat' dir='ltr'><strong>commemoranda</strong></span> <span class='ocrx_word' id='word_1_304' title='bbox 899 3889 989 3939; x_wconf 79' lang='lat' dir='ltr'><strong>sunt:</strong></span> <span class='ocrx_word' id='word_1_305' title='bbox 1013 3897 1119 3942; x_wconf 79' lang='lat' dir='ltr'><strong>nerum</strong></span> <span class='ocrx_word' id='word_1_306' title='bbox 1141 3878 1175 3941; x_wconf 87' lang='lat' dir='ltr'><strong>in</strong></span> <span class='ocrx_word' id='word_1_307' title='bbox 1195 3877 1296 3943; x_wconf 83' lang='lat' dir='ltr'><strong>critice</strong></span> <span class='ocrx_word' id='word_1_308' title='bbox 1314 3888 1379 3947; x_wconf 78' lang='lat' dir='ltr'><strong>erte</strong></span> 
     </span>
     <span class='ocr_line' id='line_1_36' title="bbox 240 3976 1379 4067; baseline 0.004 -28"><span class='ocrx_word' id='word_1_309' title='bbox 240 3976 402 4042; x_wconf 81' lang='lat' dir='ltr'><strong>lectitanda</strong></span> <span class='ocrx_word' id='word_1_310' title='bbox 424 4000 462 4039; x_wconf 88' lang='lat' dir='ltr'><strong>ne</strong></span> <span class='ocrx_word' id='word_1_311' title='bbox 491 3976 687 4041; x_wconf 82' lang='lat' dir='ltr'><strong>Wernsdori.</strong></span> <span class='ocrx_word' id='word_1_312' title='bbox 717 3979 843 4061; x_wconf 88' lang='lat' dir='ltr'><strong>quidem</strong></span> <span class='ocrx_word' id='word_1_313' title='bbox 866 3982 911 4055; x_wconf 74' lang='lat' dir='ltr'><strong>ita</strong></span> <span class='ocrx_word' id='word_1_314' title='bbox 937 3992 1074 4067; x_wconf 80' lang='lat' dir='ltr'><strong>uersatus</strong></span> <span class='ocrx_word' id='word_1_315' title='bbox 1094 3992 1157 4060; x_wconf 78' lang='lat' dir='ltr'><strong>est,</strong></span> <span class='ocrx_word' id='word_1_316' title='bbox 1187 3980 1314 4044; x_wconf 76' lang='lat' dir='ltr'><strong>tit-setis</strong></span> <span class='ocrx_word' id='word_1_317' title='bbox 1335 3980 1379 4043; x_wconf 88' lang='lat' dir='ltr'><strong>le·</strong></span> 
     </span>
     <span class='ocr_line' id='line_1_37' title="bbox 239 4067 1378 4168; baseline 0.003 -25"><span class='ocrx_word' id='word_1_318' title='bbox 239 4080 313 4145; x_wconf 81' lang='lat' dir='ltr'><strong>cisse</strong></span> <span class='ocrx_word' id='word_1_319' title='bbox 334 4079 484 4143; x_wconf 88' lang='lat' dir='ltr'><strong>uideatur.</strong></span> <span class='ocrx_word' id='word_1_320' title='bbox 528 4080 677 4145; x_wconf 83' lang='lat' dir='ltr'><strong>Codicum</strong></span> <span class='ocrx_word' id='word_1_321' title='bbox 707 4082 790 4146; x_wconf 86' lang='lat' dir='ltr'><strong>enim</strong></span> <span class='ocrx_word' id='word_1_322' title='bbox 825 4083 941 4146; x_wconf 84' lang='lat' dir='ltr'><strong>auxilio</strong></span> <span class='ocrx_word' id='word_1_323' title='bbox 969 4083 1035 4148; x_wconf 80' lang='lat' dir='ltr'><strong>fere</strong></span> <span class='ocrx_word' id='word_1_324' title='bbox 1064 4079 1225 4148; x_wconf 84' lang='lat' dir='ltr'><strong>destitutus</strong></span> <span class='ocrx_word' id='word_1_325' title='bbox 1246 4067 1378 4168; x_wconf 75' lang='lat' dir='ltr'><strong>(praeter</strong></span> 
     </span>
     <span class='ocr_line' id='line_1_38' title="bbox 238 4178 1377 4267; baseline 0.002 -23"><span class='ocrx_word' id='word_1_326' title='bbox 238 4179 292 4244; x_wconf 88' lang='lat' dir='ltr'><strong>cd.</strong></span> <span class='ocrx_word' id='word_1_327' title='bbox 315 4178 513 4245; x_wconf 82' lang='lat' dir='ltr'><strong>Gotlronum</strong></span> <span class='ocrx_word' id='word_1_328' title='bbox 536 4183 565 4242; x_wconf 89' lang='lat' dir='ltr'><strong>ei</strong></span> <span class='ocrx_word' id='word_1_329' title='bbox 590 4181 629 4243; x_wconf 84' lang='lat' dir='ltr'><strong>ed</strong></span> <span class='ocrx_word' id='word_1_330' title='bbox 650 4204 757 4248; x_wconf 73' lang='lat' dir='ltr'><strong>nunnus</strong></span> <span class='ocrx_word' id='word_1_331' title='bbox 778 4184 839 4256; x_wconf 77' lang='lat' dir='ltr'><strong>fuit</strong></span> <span class='ocrx_word' id='word_1_332' title='bbox 860 4179 980 4267; x_wconf 88' lang='lat' dir='ltr'><strong>nullus)</strong></span> <span class='ocrx_word' id='word_1_333' title='bbox 996 4182 1192 4258; x_wconf 84' lang='lat' dir='ltr'><strong>editionibus,</strong></span> <span class='ocrx_word' id='word_1_334' title='bbox 1211 4205 1289 4265; x_wconf 85' lang='lat' dir='ltr'><strong>quas</strong></span> <span class='ocrx_word' id='word_1_335' title='bbox 1306 4206 1377 4265; x_wconf 76' lang='lat' dir='ltr'><strong>per·</strong></span> 
     </span>
     <span class='ocr_line' id='line_1_39' title="bbox 237 4286 1377 4371; baseline 0 -24"><span class='ocrx_word' id='word_1_336' title='bbox 237 4286 292 4347; x_wconf 89' lang='lat' dir='ltr'><strong>tim</strong></span> <span class='ocrx_word' id='word_1_337' title='bbox 314 4286 380 4365; x_wconf 87' lang='lat' dir='ltr'><strong>ipse</strong></span> <span class='ocrx_word' id='word_1_338' title='bbox 402 4286 545 4361; x_wconf 87' lang='lat' dir='ltr'><strong>contulit,</strong></span> <span class='ocrx_word' id='word_1_339' title='bbox 577 4287 688 4365; x_wconf 86' lang='lat' dir='ltr'><strong>partim</strong></span> <span class='ocrx_word' id='word_1_340' title='bbox 712 4308 751 4347; x_wconf 84' lang='lat' dir='ltr'><strong>cx</strong></span> <span class='ocrx_word' id='word_1_341' title='bbox 772 4287 905 4364; x_wconf 80' lang='lat' dir='ltr'><strong>aliorum</strong></span> <span class='ocrx_word' id='word_1_342' title='bbox 924 4287 1084 4371; x_wconf 77' lang='lat' dir='ltr'><strong>collatione</strong></span> <span class='ocrx_word' id='word_1_343' title='bbox 1104 4288 1239 4367; x_wconf 77' lang='lat' dir='ltr'><strong>cognitas</strong></span> <span class='ocrx_word' id='word_1_344' title='bbox 1259 4286 1377 4363; x_wconf 80' lang='lat' dir='ltr'><strong>hebuit,</strong></span> 
     </span>
     <span class='ocr_line' id='line_1_40' title="bbox 237 4388 1376 4473; baseline 0.006 -26"><span class='ocrx_word' id='word_1_345' title='bbox 237 4388 366 4449; x_wconf 80' lang='lat' dir='ltr'><strong>niurituu</strong></span> <span class='ocrx_word' id='word_1_346' title='bbox 399 4390 524 4465; x_wconf 85' lang='lat' dir='ltr'><strong>tribuit,</strong></span> <span class='ocrx_word' id='word_1_347' title='bbox 557 4409 620 4470; x_wconf 92' lang='lat' dir='ltr'><strong>quo</strong></span> <span class='ocrx_word' id='word_1_348' title='bbox 651 4389 764 4451; x_wconf 84' lang='lat' dir='ltr'><strong>fectum</strong></span> <span class='ocrx_word' id='word_1_349' title='bbox 788 4403 851 4472; x_wconf 89' lang='lat' dir='ltr'><strong>est,</strong></span> <span class='ocrx_word' id='word_1_350' title='bbox 884 4401 918 4473; x_wconf 78' lang='lat' dir='ltr'><strong>ut</strong></span> <span class='ocrx_word' id='word_1_351' title='bbox 946 4410 1035 4472; x_wconf 82' lang='lat' dir='ltr'><strong>saepe</strong></span> <span class='ocrx_word' id='word_1_352' title='bbox 1067 4412 1085 4451; x_wconf 83' lang='lat' dir='ltr'><strong>a</strong></span> <span class='ocrx_word' id='word_1_353' title='bbox 1119 4390 1376 4471; x_wconf 80' lang='lat' dir='ltr'><strong>uere&#39;scripturs,</strong></span> 
     </span>
    </p>
   </div>
   <div class='ocr_carea' id='block_1_6' title="bbox 0 0 1538 4950">
    <p class='ocr_par' dir='ltr' id='par_1_6' title="bbox 0 0 1538 4950">
     <span class='ocr_line' id='line_1_41' title="bbox 0 0 1538 4950; baseline 0 2"><span class='ocrx_word' id='word_1_354' title='bbox 0 0 1538 4950; x_wconf 95' lang='lat' dir='ltr'><strong> </strong></span> 
     </span>
    </p>
   </div>
  </div>
 </body>
</html>
