3067 4950
604 249 660 351 ..¹
709 282 755 369 5'1
804 338 862 359 ⁷..

251 484 451 563 colligerem,
473 481 629 565 uiridique
650 483 760 544 famem
782 483 899 544 solarer
927 483 1070 560 hibisco,¹

250 586 300 647 Tu
321 586 410 661 iacis,
431 597 460 648 et
482 600 535 646 tua
557 605 612 646 nos
634 585 689 646 alit
712 583 902 662 indulgentia
921 584 1011 647 farre.

251 689 301 750 Tu
323 704 439 752 nostras
460 690 619 750 miseratus
641 709 714 767 opes
741 686 933 769 docilemque
953 689 1121 767 iuuentam,

249 790 386 852 Hiberna
406 791 552 870 prohibes
572 791 688 852 ieiunia
708 793 828 852 soluere
846 791 925 867 fago.

248 891 322 954 Ecce
344 894 421 953 nihil
443 894 607 973 querulum
628 913 685 972 per
704 904 734 952 te
745 935 755 968 ,
781 892 952 967 Meliboee,
981 911 1134 967 sonamus,
1205 931 1208 935 -

250 995 309 1055 Per
328 1007 358 1056 te
378 1015 483 1056 secura
501 995 596 1056 saturi
624 995 803 1054 recubamus
824 994 858 1053 in
879 994 999 1061 umbra,

249 1096 286 1158 Et
307 1097 440 1158 fruimur
460 1098 546 1159 siluis
567 1095 802 1178 Amaryllidos,
822 1098 931 1157 ultima
952 1117 1052 1176 nuper

250 1198 367 1262 Littora
394 1215 564 1277 terrarum,
595 1202 655 1262 nisi
674 1213 727 1273 tu,
746 1201 914 1276 Meliboee,
943 1199 1060 1277 luisses,

250 1302 367 1363 Vltima
387 1303 503 1379 uisuri,
535 1303 735 1384 trucibusque
756 1303 891 1363 obnoxia
912 1303 1031 1364 Mauris
1070 1332 1074 1340 ⁴

251 1405 366 1466 Pascua
388 1406 559 1486 Geryonis,
579 1403 707 1486 liquidis
730 1405 785 1464 ubi
806 1404 945 1465 cursibus
965 1404 1071 1482 ingens

247 1508 369 1568 Dicitur
399 1506 537 1569 occiduas
558 1506 716 1586 impellere
736 1507 837 1568 Baetis
858 1527 974 1568 arenas.
1019 1537 1022 1542 ·

249 1609 369 1672 Scilicet
389 1623 525 1670 extremo
547 1630 628 1670 nunc
646 1609 718 1669 uilis
738 1611 770 1669 in
802 1609 877 1670 orbe
895 1609 1034 1683 iacerem,

251 1711 302 1771 ah
324 1708 434 1780 dolor,
456 1723 485 1772 et
505 1708 636 1791 pecudes
658 1709 738 1772 inter
759 1707 925 1771 conductus
945 1710 1047 1770 lberas
1090 1704 1092 1710 ’

249 1813 338 1874 Irrita
358 1826 483 1892 septena
502 1811 678 1874 modularer
703 1810 793 1874 sibila
814 1831 923 1871 canna:

251 1915 316 1976 Nec
336 1916 499 1996 quisquam
520 1927 639 1976 nostras
658 1915 739 1975 iuter
761 1911 883 1974 dumeta
910 1911 1077 1973 Camoeuas

251 2017 440 2096 Respiceret:
462 2037 525 2077 non
545 2019 611 2098 ipse
633 2014 718 2078 daret
739 2015 818 2076 mihi
838 2015 965 2076 forsitan
985 2035 1102 2091 aurem,

250 2122 318 2201 Ipse
340 2117 414 2180 deus
435 2140 578 2196 uacuam,
599 2120 752 2200 longeque
773 2117 912 2178 sonantia
932 2129 1005 2179 uota

158 2228 163 2234 ’
251 2224 370 2286 Scilicet
391 2235 528 2284 extremo
548 2241 610 2283 non
634 2219 794 2282 exaudiret
815 2221 849 2279 in
869 2219 954 2280 orbe.

252 2323 314 2388 Sed
334 2327 394 2388 nisi
413 2327 492 2388 forte
514 2340 580 2389 tuas
601 2326 712 2388 melior
732 2343 825 2387 sonus
846 2337 952 2386 auocat
968 2343 1067 2400 aures,
1264 2327 1306 2388 50

237 2518 283 2585 32)
304 2517 402 2571 soleret
429 2520 489 2571 Μ.
516 2516 570 2569 iam
596 2534 639 2569 me
670 2514 773 2569 solarer
803 2514 857 2569 Tit.
882 2514 910 2567 in
936 2516 1020 2568 lemm.
1086 2512 1134 2583 33)
1160 2512 1306 2588 iduigentia

166 2624 194 2661 a.
214 2606 300 2659 sarrae
319 2607 368 2662 d2.
428 2604 476 2677 34)
497 2606 540 2659 Τυ
559 2605 642 2659 nostri
660 2624 689 2668 ψ.
716 2606 759 2659 Tu
778 2605 862 2658 nostri
891 2606 1028 2659 miseratus
1047 2624 1098 2677 ope
1117 2626 1145 2685 οξ
1163 2608 1262 2659 Barth.
1283 2626 1305 2661 c.

166 2692 303 2748 miseratus
321 2715 421 2767 ομ...
441 2696 500 2750 doc.
527 2699 587 2749 D4.
642 2698 687 2761 35)
713 2694 833 2766 hyberna
858 2698 916 2748 Rt.
937 2696 1029 2748 'ieiuna
1049 2699 1107 2751 Da.
1131 2696 1229 2748 ieiunia
1248 2694 1307 2766 pei-

166 2782 221 2835 lere
234 2784 260 2835 V
264 2788 353 2837 6122.
361 2787 419 2839 3.4.
428 2788 452 2833 R
460 2787 487 2838 1.
496 2789 521 2840 2.
531 2783 611 2837 Gutd.
622 2793 649 2834 et
663 2784 717 2838 Tit.
728 2802 760 2833 ex
771 2781 1252 2853 aliquibuaexempiart'bus,rd1.2.a
1260 2785 1307 2847 bo,

167 2880 264 2981 recepit
278 2912 355 2967 Beck.
391 2914 439 2989 36)
451 2880 525 3013 peric
535 2911 685 2993 Moeiibeoe
695 2915 719 2962 R
728 2915 754 2969 1.
763 2910 876 2965 melibee
887 2910 944 2968 R2.
981 2911 1029 2981 37)
1043 2910 1133 2985 Satyri
1147 2912 1306 2966 recubamus

165 3042 223 3092 Rl.
238 3040 319 3109 satyri
326 3040 485 3093 recubamus
498 3042 523 3091 V
529 3042 619 3093 0124.
626 3060 649 3095 r.
665 3040 693 3092 in
707 3051 791 3106 antra,
810 3039 913 3097 abead
925 3061 957 3095 m.
967 3062 1036 3099 corr.
1046 3041 1140 3096 umbra
1153 3044 1212 3097 121.
1258 3042 1307 3111 38)

165 3126 334 3193 Amarylidos
342 3128 368 3197 f
370 3132 428 3192 1,β.
458 3127 629 3181 Amariilidos
649 3130 761 3181 Mal.
780 3127 952 3199 Amaryllidis
969 3135 1020 3185 αἳ.
1028 3151 1065 3201 sg
1065 3132 1091 3201 f
1093 3136 1119 3184 2.
1146 3128 1308 3199 Amarylidis

161 3214 485 3287 p.emarilidis1l2.d2.
515 3216 553 3279 (in
584 3233 639 3286 qua
657 3215 722 3267 -dus
744 3218 832 3281 com).
898 3219 943 3283 39)
967 3216 1054 3270 Litora
1074 3219 1129 3288 sl.
1156 3216 1307 3269 Moeliboae

164 3310 223 3363 131.
242 3304 354 3359 melibee
368 3306 429 3357 -lta
489 3306 537 3369 40)
556 3304 662 3357 uisurus
682 3306 763 3367 (14.0.
783 3304 874 3355 uisura
894 3308 931 3354 H.
946 3305 1066 3369 trucibus
1083 3308 1148 3375 (que
1168 3306 1228 3369 om.)
1250 3306 1310 3354 VD

166 3394 422 3456 tautameos.
450 3393 570 3447 trucibus
598 3412 651 3465 qua
680 3392 781 3444 Barth.
800 3411 822 3442 c.
849 3392 884 3444 ob
903 3392 980 3444 noxia
998 3412 1025 3447 c.
1094 3392 1144 3461 41)
1173 3388 1307 3462 Geryonis

162 3480 408 3552 pftabcqqdort.
428 3480 559 3535 Gerronis
579 3500 648 3532 corr.
667 3478 801 3550 Geryonis
819 3482 879 3532 Dt.
899 3477 1024 3532 Gerionis
1036 3480 1319 3551 f1.aqq.germanis

164 3572 287 3624 Deles.
304 3571 425 3641 germani
447 3573 474 3624 V
479 3570 706 3631 Gualttaact
715 3573 776 3625 1.2.
808 3568 960 3624 Germanus
980 3572 1041 3626 124.
1060 3569 1195 3625 Geriouae
1213 3569 1308 3622 Heius.

165 3675 188 3710 c.
207 3657 246 3707 ad
263 3658 342 3713 Ouid.
362 3662 428 3711 Her.
445 3661 470 3723 8,
483 3661 509 3711 9.
527 3676 604 3729 quam
622 3662 717 3710 Burm.
736 3668 846 3723 secutus
862 3667 903 3709 est
921 3656 1037 3709 scribens
1055 3656 1208 3729 Geryonae.
1261 3658 1309 3720 42)

164 3742 245 3814 Betys
265 3742 467 3813 yttamar.
496 3743 780 3817 Bethys·fl.va1.t.
808 3743 896 3797 Betbis
912 3744 966 3814 β.
997 3743 1079 3811 [Betis
1105 3749 1156 3800 aa.
1184 3743 1308 3810 (minime)

164 3850 222 3903 sqq.
240 3849 292 3885 sec.
312 3831 457 3899 Wernsd.].
487 3831 563 3885 Beris
581 3836 643 3888 121.
671 3832 778 3899 Bacbus
797 3836 859 3887 D2.
885 3832 997 3885 Bactrus
1023 3835 1309 3889 emunaetas.

165 3920 292 3975 ratim.
323 3918 434 3971 barenas
460 3921 728 3991 ssal.sd2.f2.bo.
790 3924 838 3987 43)
857 3920 917 3973 uilis
941 3920 1037 3972 morbe
1055 3923 1112 3972 122.
1142 3924 1313 3975 Versusdd·

164 4010 209 4060 49.
227 4024 277 4059 om.
295 3998 355 4059 122.
393 4058 396 4063 ,
420 4006 469 4073 44)
485 4006 524 4059 Ha
541 4008 645 4076 peda.
679 4007 784 4061 hiberas
802 4007 1159 4076 Rl.2.apfla2.ad2.bo.
1187 4008 1311 4067 hibernas

164 4097 225 4149 De.
279 4098 325 4160 45)
343 4093 427 4147 sibilia
447 4094 530 4147 camia
549 4099 607 4151 lta.
663 4097 712 4165 46)
729 4096 770 4149 Ne
788 4095 934 4167 quicquam
953 4099 984 4149 G.
1017 4115 1051 4149 ne
1070 4095 1219 4167 quidquam
1236 4096 1307 4147 iuter

135 4236 137 4239 .
166 4194 269 4237 nostras
283 4186 343 4239 Dt.
370 4182 527 4259 quisQRz.
561 4202 682 4237 camenas
700 4188 810 4263 1ἰ2..ν.Ι
840 4182 890 4251 47)
912 4182 1085 4253 Respicerent
1105 4188 1159 4237 Tit.
1179 4185 1208 4233 iu
1225 4183 1311 4237 lemm.
1374 4203 1384 4217 ·

167 4270 334 4328 forsitam.
353 4272 473 4330 forsitam
492 4292 519 4327 α.
590 4278 638 4343 49)
656 4274 795 4328 exaudires
812 4275 872 4327 Ra.
900 4291 974 4325 nunc
992 4272 1125 4326 exaudiret
1143 4274 1236 4323 Burm.
1254 4270 1311 4320 sine

165 4357 224 4413 cdd.
235 4360 304 4427 fide.
332 4365 475 4417 Fortasse:
505 4363 538 4416 ab
559 4364 632 4417 orbe.
698 4362 747 4432 50)
772 4379 849 4415 sorus
869 4378 896 4415 α.
926 4374 1023 4435 auocat
1050 4364 1076 4415 V
1079 4363 1138 4415 ut.
1147 4363 1170 4412 r}
1198 4357 1312 4409 aduocat

934 4463 979 4523 4*
