3067 4950
228 503 259 562 p.
279 485 331 546 65.
375 479 505 564 Artgel.
539 477 741 542 Polt'tiauna
769 482 803 542 in
831 482 948 544 Ntttric.
969 505 1000 562 p.
1016 487 1090 548 542.
1109 499 1178 566 post
1206 487 1373 568 Virgilium

228 586 349 646 nullum
377 595 541 662 agnoscunt
571 583 752 661 liclogarum
773 585 952 662 scriptorem
984 587 1044 646 nisi
1063 587 1278 668 Calpurnium.
1319 589 1375 674 111)

229 685 357 748 Codices
377 688 440 748 Pal.
460 687 549 750 Voss.
572 699 601 749 et
617 687 745 748 lortnsse
765 686 963 761 Doruilliani,
983 688 1099 768 quibus
1117 690 1374 754 acceduntRcltd.

231 795 259 853 l.
273 793 304 850 2.
326 786 387 849 11110
407 789 577 851 Florentini
599 803 627 854 et
650 786 695 850 cd.
718 787 976 868 vindobonensis,
995 814 1066 854 cam
1081 793 1266 859 editionibus
1286 797 1374 859 Rom.

228 907 357 974 utraque
387 894 534 954 Dauentr.
563 891 741 954 Nordhsim.
774 892 883 954 Color.
915 891 985 979 (op.
1013 894 1071 959 W
1067 897 1205 981 et·us‹l.).
1249 899 1372 962 Ascena.

227 1015 334 1060 omnes
355 997 408 1056 XI.
440 996 564 1072 Eclogas
597 995 767 1074 Calpurnio
799 996 948 1059 tribuunt.
997 995 1072 1059 lade
1099 1000 1139 1058 ab
1160 1001 1284 1078 Vgolcti
1310 1001 1375 1063 sdi-

124 1129 128 1136 «
227 1100 328 1172 tione,
357 1097 404 1158 uti
436 1097 496 1158 iam
531 1096 644 1164 dictum
676 1111 734 1173 est,
780 1099 980 1164 Nemesianus
1009 1100 1197 1179 ‘Eelogarum
1232 1116 1377 1184 quattuor

228 1200 430 1280 posteriorum
460 1213 568 1260 auctor
595 1201 770 1264 nontinatus
801 1214 831 1264 et
863 1202 987 1264 habitus
1008 1215 1069 1264 est:
1101 1202 1135 1266 id
1166 1203 1250 1286 quod
1271 1205 1373 1269 codice

229 1302 363 1387 quodam
385 1304 562 1366 Florentino
585 1301 636 1387 (cl.
657 1291 791 1366 Bandiai
812 1307 833 1364 1.
855 1302 897 1387 a.)
927 1304 1100 1368 confirmari
1120 1305 1259 1382 uidetur,
1281 1330 1374 1390 qaam

229 1403 365 1468 ciusdem
385 1409 503 1482 generis
544 1427 607 1468 esse
633 1408 784 1486 suspicor,
818 1419 912 1488 atqua
942 1407 1031 1466 illum
1053 1404 1186 1470 codicem
1208 1410 1377 1472 uetustissi-

228 1527 325 1580 mum,
347 1528 363 1566 e
386 1507 548 1568 Germania
569 1509 713 1583 allatum,
745 1509 779 1568 in
801 1528 865 1590 quo
886 1508 1036 1586 Vgoletus
1055 1511 1125 1572 illos
1145 1512 1270 1589 titulos,
1297 1533 1375 1594 qua·

228 1628 272 1686 les
301 1629 354 1670 eos
383 1609 550 1687 impressit,
585 1623 721 1689 repertos
754 1631 773 1670 a
805 1629 839 1672 se
867 1622 1002 1673 testatur.
1047 1609 1116 1694 1111)
1139 1611 1269 1674 Causam
1290 1615 1375 1676 illius

228 1711 414 1789 glossematis
446 1710 641 1774 Wernsdorf.
672 1712 763 1774 affert
798 1713 892 1775 hanc:
924 1714 1044 1796 'aliquis
1073 1737 1113 1776 ex
1139 1717 1201 1777 Ecl.
1221 1718 1244 1793 1,
1272 1721 1324 1780 94.
1345 1730 1377 1780 et

227 1815 290 1889 llll,
304 1817 384 1876 oss.
415 1815 556 1890 coniecit,
590 1817 714 1896 Eclogas
740 1831 857 1896 septem
880 1818 997 1896 priores
1023 1819 1206 1882 Nemesiano
1227 1820 1377 1887 dedicatas

228 1937 292 1978 csse
311 1913 370 1998 (?):
406 1913 515 1977 deinde
542 1919 670 1998 Eclogac
692 1920 801 1982 Vlllst.
832 1941 896 1981 esse
931 1923 1172 2002 suprascriptum
1207 1924 1375 2000 ,Meliboei

229 2016 286 2101 (z
313 2015 500 2101 Nemesiani)
534 2013 756 2102 ’Encaustus’
787 2019 951 2104 (Epilunua
984 2024 1036 2086 ed.
1066 2023 1160 2086 Ftor.
1177 2026 1277 2108 prior
1308 2047 1381 2089 cor·-⁴

229 2116 342 2202 rupte),
365 2121 448 2202 quod
471 2135 574 2201 postea
595 2136 750 2204 acceptum
770 2127 811 2187 sit
831 2127 883 2200 ita,
906 2128 994 2207 quasi
1019 2127 1218 2190 Nemesianus
1239 2130 1374 2212 reliquas
1399 2120 1410 2134 ³

228 2225 352 2302 Eclogas
372 2226 534 2304 scripserit.
576 2226 648 2288 Non
677 2229 742 2290 sine
771 2249 879 2306 magna
910 2231 978 2290 ueri
1005 2231 1104 2308 specie
1138 2229 1176 2291 ad
1200 2231 1287 2291 illam
1306 2252 1376 2292 scn-

229 2329 354 2388 tentiam
368 2371 371 2384 .
384 2328 620 2392 confirmandam
643 2333 676 2392 iu
705 2328 776 2393 edit.
803 2333 961 2394 Parmensi
989 2333 1130 2409 Eclogam
1152 2335 1290 2394 ultimam
1311 2353 1375 2394 uon

230 2444 370 2511 quartam
401 2434 552 2495 nominari
559 2478 568 2509 ,
605 2432 659 2497 sed
690 2431 890 2498 undecimam.
953 2433 1161 2519 (Guidalottua
1190 2433 1317 2497 eandem
1346 2447 1376 2499 et

231 2548 370 2615 quartam
399 2537 538 2599 inscribit
567 2551 595 2598 ct
623 2534 838 2621 undecimam).
902 2536 988 2611 (luae
1021 2561 1062 2600 ex
1087 2540 1136 2599 1110
1161 2538 1287 2617 probari
1313 2560 1376 2601 non

229 2650 374 2715 possunt,
407 2659 499 2717 supra
530 2652 601 2699 sunt
632 2637 793 2701 declarata.
847 2639 891 2721 V)
915 2641 988 2700 lllac
1009 2638 1087 2701 duae
1106 2640 1316 2719 inscriptiones
1333 2644 1377 2703 ita

230 2761 261 2801 se
283 2740 413 2801 inuicem
444 2738 620 2817 destruunt,
650 2755 684 2805 ut
716 2744 810 2805 altera
843 2762 912 2802 cum
940 2744 1035 2805 altera
1055 2743 1218 2806 consistere
1235 2758 1377 2826 nequeat.

232 2842 286 2922 [At
309 2844 380 2903 hinc
401 2864 463 2905 non
495 2845 642 2919 efficitur,
670 2848 765 2907 altero
797 2846 973 2923 glossemate
1000 2846 1120 2907 sublato
1141 2846 1275 2925 priorem
1298 2868 1378 2928 quo·

232 2966 292 3026 que
314 2946 539 3023 inscriptionem
563 2969 626 3009 esse
655 2947 839 3022 tollendam,
873 2948 911 3010 da
942 2970 1005 3029 quo
1028 2950 1144 3027 supra}
1187 2947 1244 3031 Vl)
1273 2949 1379 3021 Stilus,

232 3066 324 3127 quem
356 3060 463 3109 uocant
474 3090 483 3122 ,
515 3049 694 3126 Eclogarum
727 3050 865 3111 omnium
895 3052 985 3129 plane
1005 3050 1087 3112 idem
1118 3064 1181 3127 est,
1213 3073 1316 3134 neque
1336 3075 1376 3117 ex

232 3146 380 3222 aliorum,
411 3149 466 3229 qui
492 3151 579 3211 aliter
599 3164 756 3227 statuunt,
791 3155 937 3220 sententia
968 3154 1041 3213 certi
1073 3152 1377 3236 quidquam'elucet:

130 3260 132 3263 '
231 3250 360 3311 Vossius
380 3251 476 3313 instit.
506 3266 586 3331 poet.
609 3255 659 3329 111,
680 3276 704 3315 0.
724 3262 755 3316 4.
785 3276 853 3335 pag.
877 3258 928 3317 34.
961 3254 1164 3335 Calpurnium
1185 3257 1378 3337 Nemesiano,

232 3353 364 3431 Scaliger
392 3356 475 3417 Poct.
506 3357 560 3425 lib.
579 3356 635 3419 VI.
667 3362 740 3421 cb.
775 3379 843 3437 pag.
863 3360 936 3417 824.
964 3357 1182 3419 Nemesianum
1207 3359 1378 3441 Calpurnio

232 3458 450 3536 castigatiorem
480 3478 543 3519 esse
569 3462 686 3521 uolunt.
729 3462 794 3521 lans
823 3462 878 3532 has
909 3460 1033 3537 liclogas
1062 3461 1150 3539 quasi
1170 3482 1233 3523 uno
1260 3464 1380 3545 impetu

235 3562 403 3621 elaboratas
425 3580 488 3621 esse
520 3580 611 3625 nemo
642 3563 819 3638 contendet,
852 3563 981 3623 nimium
1006 3581 1079 3623 uero
1101 3564 1235 3625 tribuere
1256 3566 1380 3630 uidetur

232 3660 428 3723 Wernsdorf.
442 3749 446 3752 ι
462 3660 556 3723 codici
586 3662 747 3737 Gothano,
778 3685 817 3723 ex
848 3686 911 3744 quo
945 3665 1144 3744 comprobare
1172 3679 1295 3727 mantus
1325 3683 1380 3755 est,

234 3777 349 3843 septem
366 3765 493 3845 Eclogas
515 3766 632 3845 priores
656 3767 781 3829 fortasse
803 3768 965 3845 separatim
997 3788 1015 3828 a
1041 3766 1210 3844 Calpurnio
1229 3789 1293 3829 essa
1315 3769 1380 3831 edi·

233 3879 287 3929 tas.
331 3868 486 3929 Facillime
514 3869 594 3931 enim
617 3890 686 3929 casu
707 3868 775 3931 fieri
794 3870 911 3947 potuit,
941 3881 975 3928 ut
994 3869 1139 3930 librarius
1160 3869 1193 3929 in
1219 3872 1380 3935 scribendo

235 3968 429 4030 subsisteret:
459 3970 584 4033 fortasse
618 3973 689 4051 plus
715 3967 786 4031 fidei
814 3969 863 4029 itti
888 3969 1065 4031 habendum
1088 3984 1182 4043 esset,
1223 3971 1250 4031 si
1270 3971 1380 4050 Ecloga

234 4069 362 4149 septima
382 4072 416 4131 in
438 4090 474 4133 eo
498 4074 616 4149 integra
637 4076 779 4135 exstaret.
822 4072 881 4133 Vll
902 4086 931 4133 et
950 4071 1039 4155 Vlll)
1061 4076 1108 4137 Ex
1128 4076 1286 4136 Theocriti
1307 4077 1379 4139 imi-
1457 4139 1465 4149 ,

234 4174 345 4235 tatione
367 4175 420 4236 XI.
438 4174 617 4253 Eclogarum
635 4196 795 4239 numerum
815 4176 992 4238 confirmare
1007 4180 1066 4239 sibi
1085 4179 1230 4241 uisus‘est
1248 4180 1382 4242 Werns·

234 4272 312 4335 dori.
333 4270 365 4334 iu
396 4296 457 4357 qua
485 4294 519 4337 re
548 4298 600 4350 ea,
634 4300 713 4359 quae
742 4277 780 4341 da
804 4280 933 4358 liclogaa
961 4300 1060 4341 nonae
1090 4281 1207 4341 ratione
1228 4279 1380 4353 disseruit,

233 4396 295 4441 una
317 4379 382 4439 sine
416 4380 630 4459 probabilitate
651 4379 783 4464 quadam
818 4380 969 4462 disputata
999 4394 1079 4444 sunt.
1122 4382 1209 4443 Hanc
1235 4383 1379 4460 Eclogam
