3067 4950
446 1206 1005 1297 PRAEMONENDA.

711 1625 754 1696 1.

246 1744 275 1802 t.
312 1736 369 1804 De
398 1735 578 1821 scriptoris
606 1736 753 1802 nomine.
806 1741 962 1804 Consensu
992 1740 1131 1802 omnium
1162 1737 1302 1803 uirorum

160 1841 318 1906 doctorum
358 1838 433 1904 Titi
461 1861 646 1920 praenomen
674 1842 842 1923 Calpurnio
877 1844 1039 1917 tribuitur,
1068 1840 1101 1902 id
1132 1840 1216 1923 quod
1237 1841 1303 1904 edi-

159 1945 279 2006 tionum
310 1964 407 2023 paane
442 1943 581 2004 omnium
620 1946 798 2008 auctoritate
825 1945 1019 2008 confirmatur
1049 1956 1124 2006 teste
1155 1943 1303 2017 Wernsd‚

160 2048 243 2108 Poct.
263 2047 331 2108 Lat.
351 2047 429 2108 Min.
450 2057 523 2106 tom.
539 2046 575 2106 11.
598 2068 665 2126 pag.
680 2051 710 2110 3.
755 2046 862 2112 Caino
888 2049 1060 2128 appellatur
1081 2044 1163 2108 idem
1183 2046 1218 2107 in·
1238 2045 1303 2110 edi·

159 2148 295 2210 tionibus
316 2149 453 2210 Romana
474 2161 503 2210 et
524 2149 726 2227 Ascensianu,
757 2172 813 2212 nec
841 2170 904 2212 non
924 2152 958 2211 in
979 2147 1134 2213 codicibus
1154 2149 1303 2212 Vossiano

163 2262 192 2310 ct
223 2249 436 2328 Rehdigerano
468 2251 571 2330 priore
602 2265 633 2312 et
668 2252 770 2317 codice
813 2273 876 2317 uno
919 2253 1097 2315 Florentino
1133 2249 1168 2336 1).
1211 2255 1303 2314 Prae-

164 2373 274 2415 nomen
315 2355 441 2415 omniuo
482 2351 565 2417 deest
599 2355 631 2416 in
667 2355 768 2418 codice
809 2356 971 2416 Parieiensi
1005 2376 1036 2416 n.
1063 2356 1157 2416 8049.
1188 2352 1221 2414 in
1256 2352 1302 2417 od.

163 2455 322 2535 Gothano,
355 2458 381 2519 si
403 2455 615 2519 Wernadorfio
645 2458 720 2523 fides
742 2457 966 2535 esthabenda,
993 2469 1023 2520 et
1042 2457 1077 2517 in
1098 2453 1200 2519 codice
1220 2457 1303 2519 Reh-

163 2556 306 2637 digerano
335 2562 429 2621 altero
441 2600 450 2634 ‚
482 2557 520 2619 ad
555 2581 633 2641 quos
663 2560 725 2623 duo
748 2561 863 2624 codices
892 2558 1061 2621 Florentini
1080 2553 1126 2640 2),
1155 2571 1185 2620 et
1206 2556 1303 2621 codex

163 2662 290 2741 quidam
310 2661 485 2725 Parisiensis
510 2659 539 2745 ⁵)
567 2662 707 2727 accedere
735 2664 888 2727 uidentur.
930 2663 979 2723 De
1009 2660 1199 2741 reliquorum
1220 2660 1303 2721 codi-

163 2782 232 2823 cum
260 2764 508 2843 inscriptionibus
537 2765 617 2827 nihil
648 2768 774 2829 allatum
806 2780 868 2841 est,
894 2784 1002 2825 uerum
1031 2782 1094 2823 non
1120 2762 1197 2823 sine*
1215 2783 1303 2823 causa

162 2866 309 2945 suspicari
339 2868 426 2941 licet,
459 2887 555 2927 unum
580 2869 763 2943 alterumue,
793 2868 955 2946 praecipue
983 2886 1024 2927 ex
1050 2860 1203 2924 codicibus
1222 2864 1304 2925 Dor-

163 2968 296 3029 uillianis
307 3010 316 3041 ‚
348 2980 451 3029 contra
479 2970 638 3047 uulgarem
666 2970 848 3049 scripturam
876 2968 981 3027 facere.
1036 2962 1136 3025 Atiam
1157 2984 1247 3042 uero,
1275 2980 1305 3028 et

164 3069 289 3131 fortasse
309 3070 397 3131 unice
418 3092 522 3133 ueram
543 3072 690 3133 rationem
712 3070 852 3151 indigitat
878 3071 1036 3151 inscriptio
1057 3064 1166 3129 codicis
1185 3066 1305 3130 Vindo-

163 3174 305 3235 bonensis
332 3193 364 3233 n.
379 3178 451 3235 286.
475 3169 503 3255 4)
532 3194 612 3253 quae
641 3175 684 3239 ita
716 3195 748 3237 se
777 3175 887 3236 habet:
916 3171 1099 3255 Incipiunt
1130 3166 1304 3235 buccolica

170 3270 345 3335 'lizeocriti
367 3272 578 3358 Culplttcrnii
600 3273 705 3337 siculi
736 3274 780 3339 P.
803 3273 845 3339 cl.
877 3288 907 3336 et
927 3273 967 3335 ad
987 3275 1061 3335 libri
1081 3271 1215 3334 eiusdem
1243 3276 1303 3335 cal·

163 3394 242 3435 cern:
272 3373 481 3456 Explicinnt
520 3372 713 3439 buccolicon
756 3373 933 3437 Ursocriti
974 3370 1155 3452 Lollnrnii
1183 3384 1304 3457 poetae

163 3472 278 3536 siccati.
320 3474 438 3549 Quodsi
471 3476 547 3560 quid
569 3476 659 3539 uideo
688 3498 727 3539 ex
755 3497 822 3539 uoc.
849 3473 1051 3539 Theocritus
1077 3472 1155 3537 illud
1176 3497 1305 3556 praeno·

165 3594 234 3636 men
262 3574 364 3639 'litus
385 3580 496 3641 sactum
518 3595 583 3643 est:
622 3578 798 3642 Theocriti
819 3599 893 3641 uero
914 3600 1027 3641 nomen
1046 3592 1192 3662 tanquam
1213 3578 1305 3657 primi

164 3679 294 3739 auctoris
315 3693 343 3741 et
365 3682 452 3763 quasi
473 3683 557 3757 eius,
589 3702 680 3763 quem
704 3680 888 3763 Calpurnius
908 3695 1027 3743 secutus
1048 3683 1103 3757 sit,
1131 3678 1221 3764 (quin
1242 3680 1305 3739 ior·

164 3790 240 3839 tasse
267 3781 317 3840 uel
351 3778 389 3843 de
425 3804 508 3845 rnera
545 3784 793 3863 interpretatione
828 3784 937 3845 Latine
968 3783 1116 3844 factorum
1147 3782 1306 3843 Tlaeocriti

163 3918 420 3936 m·-

235 3999 264 4060 1)
283 3996 398 4049 Bandini
415 3995 539 4052 Biblioth.
557 3997 681 4051 Laurent.
702 3997 734 4051 11.
752 3997 825 4051 Ptut.
842 4000 887 4053 31.
906 3997 948 4050 cd.
967 3999 1010 4051 14.

235 4084 264 4153 2)
282 4084 396 4137 Bandini
419 4084 543 4139 Biblioth.
568 4084 698 4141 Gaddiau.
717 4085 761 4143 111.
790 4085 862 4141 Ptuc
882 4086 986 4147 9⁰.,cd.
1004 4087 1048 4141 12.
1075 4081 1200 4137 Biblioth.
1218 4079 1305 4136 Aedtt.

164 4168 303 4243 Supplem.
322 4173 342 4228 Ι.
360 4171 453 4227 XClll.
472 4188 532 4243 pag.
551 4172 611 4226 140.
1122 4231 1128 4245 ζ

237 4260 266 4326 3)
285 4252 462 4315 Montsslcon.
481 4256 606 4312 Biblioth.
625 4256 851 4312 Bibliothecarum
868 4260 948 4314 Tom.
967 4260 997 4315 lt.
1024 4280 1050 4331 p.
1064 4261 1143 4314 137⁰.
1161 4258 1191 4311 b.

235 4346 266 4414 4)
284 4348 364 4407 Plura
384 4350 416 4403 de
440 4350 491 4402 hoc
509 4346 578 4399 libro
603 4344 672 4398 inira
695 4346 815 4403 asseram.
852 4348 1007 4417 Quaedam,
1037 4347 1082 4400 sed
1106 4364 1163 4397 non
1187 4343 1222 4396 ita
1245 4339 1306 4393 diti-

160 4444 262 4504 genter,
283 4436 315 4489 de
334 4456 366 4489 co
385 4437 447 4491 dixit
464 4433 620 4489 Endlicher:
649 4432 769 4509 Catalog.
788 4435 880 4491 Codic.
899 4436 996 4491 Philot.
1013 4436 1071 4492 Lat
1086 4434 1185 4491 vienn.
1206 4452 1234 4504 p.
1244 4433 1305 4485 18⁹.
