3067 4950
672 237 929 311 ...80-

315 430 465 491 laetantur
483 445 540 509 per
558 426 635 489 eolla
655 426 766 503 iubae,
791 424 906 509 qmbua
925 444 1035 505 aspere
1055 438 1159 491 meato

319 530 420 592 Barba
440 531 525 607 iacet,
562 529 762 611 tremulisque
782 529 882 608 rigent
903 528 1038 609 pelearia
1058 529 1140 593 tetis.
1219 511 1222 514 ¹

317 635 389 697 Nou
411 637 511 697 solum
532 634 622 697 uobis
644 635 796 699 eilueetrio
817 654 941 699 eernere
964 645 1102 697 monstra

233 740 274 801 65
318 738 469 819 Contigit:
501 759 669 821 aequoreos
691 758 747 818 ego
770 758 839 800 eum
858 737 1043 801 eertautibue
1060 735 1141 799 uteie

206 868 208 873 ’
316 842 457 921 Spectaui
478 842 609 917 uitulus,
630 854 660 903 et
681 861 835 922 equorum
854 841 979 904 nomine
997 837 1123 914 dietum

318 943 377 1006 Sed
401 942 537 1005 deforme
557 963 668 1021 pecua,
690 939 777 1023 quod
803 942 836 1003 in
857 942 911 1003 illo
931 940 1178 1016 nasciturorum,

322 1044 384 1121 Qui
405 1058 469 1107 eata
489 1046 627 1126 riparum
656 1044 856 1107 uernautibue
875 1044 982 1122 irriget
1002 1040 1103 1105 undis.

237 1168 240 1173 ·
322 1150 374 1209 Ah
395 1145 507 1227 trepidi
528 1149 648 1229 quoties
669 1166 725 1207 uoe
747 1143 930 1209 diocedeutia
950 1165 1060 1207 arenae

235 1254 277 1315 70
319 1251 463 1315 Vidimus
486 1249 519 1311 iu
540 1262 642 1330 partes
649 1292 659 1326 ,
680 1263 836 1333 ruptaque
856 1251 1003 1329 uoragine
1023 1260 1122 1311 terrae

316 1356 479 1417 Emereieee
499 1354 596 1415 ieras:
625 1366 655 1415 et
674 1354 713 1413 ab
735 1350 834 1415 iedem
852 1374 943 1433 aaepe
964 1352 1102 1414 mueruie

321 1459 423 1520 Aurea
445 1476 514 1517 cum
535 1474 639 1517 croceo
657 1467 818 1518 creuerunt
838 1456 948 1519 arbuta
968 1455 1086 1517 nimbo.

275 1560 313 1623 1..
357 1557 385 1623 0
407 1560 483 1621 felix
503 1556 649 1640 Corydon
657 1572 671 1637 ,⁴
696 1580 792 1641 quem
810 1579 874 1623 nou
895 1559 1097 1625 tremebunda
1117 1572 1253 1622 eeueotue

319 1660 468 1742 Impedit,
489 1683 508 1725 o
529 1663 615 1738 felix,
637 1660 721 1744 quod
743 1662 777 1723 in
797 1664 873 1723 lreec
894 1664 953 1726 tibi
973 1667 1094 1729 eaeertla
1112 1666 1231 1746 primoe

237 1767 278 1828 75
322 1762 501 1844 indulgente
523 1762 580 1826 deo
600 1762 757 1825 demittere
779 1766 906 1843 contigit
933 1787 1040 1830 eunus.

321 1867 411 1931 Nunc
431 1868 489 1931 tibi
510 1870 537 1931 ei
556 1868 685 1950 propius
705 1866 915 1931 uenerandum
937 1890 1059 1931 comere
1082 1886 1198 1929 numen

309 2071 355 2135 61)
372 2070 489 2122 iactatur
508 2066 577 2122 'Da
606 2067 665 2139 quie
692 2086 786 2140 aspera
814 2070 1144 2124 frumentatum
1174 2069 1262 2124 adscr.
1290 2087 1387 2141 aspera

237 2158 332 2212 merito
351 2157 410 2211 Ra.
475 2154 523 2223 63)
541 2154 608 2226 riget
629 2158 661 2220 V,
681 2174 699 2206 a
718 2154 878 2227 quibusdam
900 2155 954 2227 legi
971 2174 990 2207 a
1015 2156 1087 2207 Titio
1112 2155 1239 2225 offertur.
1268 2157 1389 2229 palearia

236 2246 332 2319 saeptis
350 2248 410 2297 Ra.
463 2246 508 2309 64)
527 2242 584 2296 Nec
612 2242 698 2323 solum
727 2245 1143 2315 D4.R².d2.pflal.eqq.f2.
1172 2244 1256 2314 affert
1284 2248 1387 2299 Barth.

236 2340 370 2393 Aduerso.
388 2339 432 2399 54,
450 2338 493 2388 18.
513 2334 612 2403 recepit
631 2334 710 2385 Beck.
765 2334 812 2398 66)
831 2332 1143 2404 equoreosR1.2.rb0·
1168 2334 1307 2407 aequoreis
1323 2337 1389 2393 Μ.

236 2426 292 2481 uidi
311 2445 374 2481 eum
392 2428 450 2480 Ra.
469 2428 536 2478 Post
554 2425 626 2476 dune
644 2442 672 2478 u.
693 2422 790 2474 desinit
809 2424 840 2476 G.
896 2424 943 2486 66)
961 2421 1061 2476 dictum
1080 2425 1143 2479 Μ.
1162 2418 1257 2479 Heius.
1270 2432 1298 2476 et
1317 2422 1388 2480 Vltt.

237 2535 275 2570 ee.
291 2515 402 2586 dignum
422 2512 515 2582 uulgo.
529 2523 560 2565 ¹et
577 2531 626 2565 om.
646 2513 702 2564 tta.
757 2509 805 2578 61)
823 2509 993 2564 Εῑ’(1ε1ονπιε
1012 2513 1122 2565 Aeeeua.
1138 2512 1167 2564 in
1184 2513 1270 2568 lemm.
1285 2513 1387 2567 Barth.

238 2623 261 2660 c.
280 2601 351 2676 quod
370 2600 441 2655 Niiio
461 2602 522 2657 Di.
543 2600 615 2673 quod
634 2599 695 2652 Nilo
714 2602 833 2672 pascitur
850 2600 1009 2655 Manto.
1028 2599 1074 2673 qui
1091 2598 1153 2654 Nilo
1171 2601 1290 2655 nascitur
1306 2600 1390 2653 amni'

241 2694 333 2747 VDt.
352 2691 415 2764 quid
436 2690 483 2744 iilo
501 2689 618 2762 pascitur
636 2693 697 2746 tta.
718 2688 782 2761 quid
801 2687 862 2742 Nilo
882 2689 1000 2742 nascitur
1023 2692 1135 2744 Aerem.
1154 2691 1183 2741 in
1199 2690 1283 2742 lemm.
1307 2707 1390 2742 amne

239 2781 311 2834 bol.
333 2777 451 2832 nascitur
469 2781 550 2848 (pasc.
569 2779 648 2844 corr.)
676 2777 695 2826 d
701 2782 727 2830 1.
782 2779 827 2842 68)
845 2775 1019 2829 uernantibus
1037 2780 1097 2831 Μ.
1117 2778 1211 2832 Heius.
1230 2795 1253 2831 e.
1274 2787 1325 2828 out
1343 2795 1390 2831 re·

238 2867 390 2921 fluentibus.
402 2893 436 2905 -
448 2865 617 2919 uenientibus
635 2865 727 2936 uulgo.
782 2867 830 2930 66)
848 2863 887 2916 lta
905 2869 955 2934 pfl.
974 2864 1098 2935 quotiens
1116 2864 1387 2932 111.2.ναβ6α2.ε.

238 2953 277 3012 eoi
297 2951 453 3007 discedentis
471 2956 533 3008 Μ.
550 2953 690 3004 Posterius
708 2952 783 3020 Lipe.
802 2970 823 3006 e.
844 2949 1028 3005 descendentis
1046 2953 1138 3026 uulgo.
1156 2951 1319 3007 descendetis
1331 2953 1359 3022 f
1359 2956 1388 3006 1.

239 3050 347 3105 noctem
366 3039 482 3094 cedentis
499 3058 596 3091 arenae
616 3039 716 3093 Barth.
735 3056 757 3092 c.
776 3041 919 3090 Fortasse.-
945 3039 987 3092 Ah
1007 3039 1125 3112 trepidus
1143 3061 1170 3112 q.
1188 3039 1227 3092 soi
1247 3039 1389 3094 disceden-

238 3129 271 3184 tis
288 3147 385 3182 arenae
405 3127 466 3181 Vim
484 3127 551 3180 uidit
567 3145 694 3198 sparsam.
713 3125 827 3178 harenae
845 3127 1150 3197 Ri.pssa2.sd2.s2.
1213 3130 1259 3190 16)
1277 3126 1387 3180 Videri-

138 3245 140 3250 ’
239 3239 299 3272 mus
318 3229 405 3291 partes
422 3203 550 3271 Delta
567 3217 594 3270 iu
606 3217 687 3289 partis
706 3213 844 3271 lttaab.
864 3214 892 3266 in
909 3215 1026 3286 pratiso.
1045 3215 1168 3269 Vidimus
1184 3215 1322 3285 absorptae
1334 3225 1387 3264 aut

239 3308 377 3361 immersas
386 3311 479 3361 Burm.
488 3325 508 3360 e.
518 3317 646 3379 raptoque
655 3308 732 3361 rtur.
743 3315 876 3376 ruptaque
884 3307 1008 3376 (pieque
1019 3307 1095 3372 corr.)
1105 3305 1154 3358 da.
1161 3313 1309 3376 ruptaeque
1319 3307 1347 3357 V
1344 3305 1387 3360 tit.

242 3471 262 3506 c.
278 3461 422 3522 raptasque
435 3453 563 3506 Burm.c.
589 3455 729 3506 terreRl.
764 3451 814 3521 11)
829 3388 1119 3538 Εωετείέεἶεαίἑῖιοῃ.
1135 3454 1215 3517 corr.)
1233 3454 1291 3504 Ra.
1316 3449 1390 3504 ioras

242 3555 317 3608 adi.
336 3552 407 3605 sorae
425 3551 507 3618 (seras
523 3555 602 3618 corr.)
623 3550 672 3606 (12.
697 3553 724 3608 iu
743 3555 844 3609 hisdem
862 3577 883 3610 s·
902 3553 1024 3608 cauernis
1043 3556 1101 3608 Di.
1128 3565 1154 3608 et
1169 3555 1199 3607 in
1215 3553 1309 3608 iisdem
1330 3559 1390 3609 VR

243 3646 328 3698 tao.
357 3651 383 3694 el
400 3640 516 3693 aeisdem
536 3658 597 3710 sepe
616 3643 677 3696 Ra.
707 3645 751 3694 Ex
768 3646 811 3696 lu's
835 3645 947 3697 conieci:
966 3655 993 3697 et
1010 3644 1043 3696 ab
1062 3642 1145 3695 isdem
1165 3663 1186 3698 s.
1205 3645 1335 3698 cauernis.
1353 3673 1390 3685 -

242 3742 269 3785 et
285 3730 384 3784 eisdem
412 3749 431 3783 s.
462 3727 568 3782 latebris
595 3727 686 3800 uulgo.
749 3733 799 3801 tt)
817 3751 899 3787 eroco
925 3735 980 3786 M.
1011 3731 1099 3784 subito
1116 3733 1178 3783 Μ.
1203 3732 1309 3786 arbusta
1327 3737 1387 3791 Μ.

242 3821 345 3892 nymbo
366 3822 425 3872 Ra.
445 3817 551 3871 nimbro
569 3819 630 3871 Μ.
651 3812 691 3874 ed.
710 3822 876 3888 Bartdoiim',
895 3822 926 3872 de
951 3821 1011 3872 luce
1028 3819 1148 3874 Animal.
1167 3824 1192 3886 1,
1210 3822 1238 3876 3.
1260 3841 1325 3894 pag.
1343 3826 1387 3878 15.

244 3911 292 3982 qui
310 3908 452 3961 dineeom'.
470 3907 572 3962 nimbo.
591 3906 702 3960 -iibro
721 3911 813 3982 uulgo.
856 3909 905 3980 13)
923 3911 1035 3964 coridon
1052 3910 1167 3964 Rada.
1216 3914 1263 3976 14)
1281 3911 1390 3982 impetit

243 3999 383 4061 Ridere,
401 3996 474 4046 Med.
493 4014 515 4049 e.
542 3995 651 4066 impulit
672 3998 725 4051 Tit.
749 4017 771 4051 c.
803 3999 843 4049 od
863 4019 891 4055 u.
909 4002 953 4054 43.
977 3999 1028 4052 hec
1045 3999 1106 4050 R1.
1116 4002 1142 4052 2.
1169 3997 1222 4052 hoc
1239 4004 1272 4056 P.
1299 3999 1388 4054 secula

244 4081 301 4138 1t1.
310 4089 360 4140 λα
365 4079 543 4153 ρβαῖεὸπ.
562 4083 649 4154 primo
671 4086 725 4141 Tit.
741 4095 770 4137 et
787 4089 880 4143 Burm.
900 4106 936 4144 ce.
989 4087 1190 4156 ifi)·dimittere
1215 4107 1302 4141 omnes
1317 4088 1388 4153 libri,

245 4191 311 4244 quor
331 4157 441 4224 habui?
460 4171 597 4226 demittere
618 4175 717 4226 Barth.
744 4193 766 4230 c.
786 4174 848 4226 inde
865 4194 884 4227 a
906 4181 1001 4232 Burm.
1024 4184 1121 4244 recept.
1148 4175 1222 4246 quod
1249 4175 1314 4229 nibil
1340 4176 1389 4230 tibi

1087 4259 1152 4307 ead.
1169 4275 1204 4309 m.
1223 4277 1290 4307 corr.

247 4319 308 4374 Di.
330 4319 441 4391 contigit
458 4337 542 4392 agnos
559 4323 687 4390 Dum.
747 4323 794 4388 16)
810 4292 938 4393 proprius
957 4323 1015 4375 111.
1020 4337 1051 4390 p.
1078 4338 1180 4407 pumen
1204 4325 1264 4382 112.
