3067 4950
597 315 855 386 ...21-

152 506 247 568 etiam
270 506 367 565 hooc
399 497 562 579 Calpurnii
590 499 652 562 Eat.
669 501 724 578 tlt,
750 502 800 562 to.
821 497 957 561 adducite
993 495 1158 562 Mobilior
1180 501 1295 562 uentis

152 631 173 670 o
197 603 360 690 femitas:
391 602 447 664 ubi
477 598 685 684 Scalptorius
716 603 826 686 uitiosa
854 621 913 682 pro
938 600 1161 686 *calpurnius
1188 615 1295 669 exstat.

153 709 247 788 Casp.
269 708 469 770 antaeum
496 705 648 766 loostme
668 705 750 768 libro
772 705 901 786 scripto,
934 704 991 786 qui
1014 702 1099 785 apud
1116 705 1220 785 ipsunt
1240 725 1295 765 ex-

149 814 268 888 nnbat,
300 807 442 892 producit
461 821 492 871 et
515 805 655 872 emendat
674 809 819 873 Aduerss.
841 812 895 885 49,
916 813 967 870 14.
1153 849 1157 856 -

238 918 274 977 3.
289 915 399 976 Fcanc.
424 911 588 973 Petrarohs
607 909 670 973 lib.
690 916 743 975 38.
777 911 897 973 Varias.
916 910 1014 991 epist.
1045 906 1084 970 ad
1106 908 1295 970 Gulielmum

280 1012 318 1076 de
338 1017 521 1094 Pastrengo,
540 1014 768 1078 veronensem:

149 1119 287 1198 Expecto
318 1117 409 1178 ctiam
439 1116 799 1196 Calpurni‘Bu'colicum
821 1138 960 1192 carmen,
993 1131 1024 1180 et
1055 1130 1140 1181 tuam
1160 1117 1293 1180 Varonis

109 1229 131 1264 ='
147 1221 375 1300 agriculttuam.
417 1219 517 1282 Affert
549 1219 644 1281 Laur.
677 1221 840 1300 Pignorius
873 1219 981 1300 Symb.
1011 1221 1098 1302 epist.
1125 1222 1181 1302 Ep.
1204 1222 1291 1284 XVI.

150 1345 184 1404 p.
200 1325 254 1384 65.
694 1326 695 1335 ’
737 1369 746 1380 .

234 1429 266 1487 4.
286 1423 393 1503 Angel.
414 1421 582 1486 Politianus
601 1421 635 1484 in
655 1421 773 1486 Nutric.
793 1445 825 1504 p.
841 1427 913 1487 542
936 1421 1030 1506 Oper.
1073 1473 1078 1480 .

582 1529 685 1590 ..'..
730 1526 813 1603 Quid
835 1530 951 1591 rustica
973 1529 1072 1591 dicam

298 1629 397 1715 iubila
419 1642 577 1710 pastorum
597 1631 683 1693 siluis
709 1630 854 1694 meditata
874 1634 933 1694 sub
953 1631 1046 1695 altis?

165 1784 170 1792 .
296 1734 342 1794 Vt
362 1733 476 1814 patrias
496 1733 642 1796 Moschus
664 1755 727 1796 non
748 1733 900 1796 inficietur
918 1757 1041 1811 strenas,

302 1835 512 1915 Externasque
528 1835 623 1896 Bion:
655 1849 690 1898 ut
708 1856 804 1915 opaca
824 1834 957 1916 Tityron
979 1837 1089 1896 umbra

305 1939 455 1999 Prouocet
477 1937 616 2001 Ausonio
637 1937 789 2018 Calpurni
809 1936 911 1999 fistula
931 1935 1045 1999 cantu?

237 2042 267 2102 5.
287 2041 396 2101 Petrus
419 2038 555 2103 Crinitus
578 2039 615 2102 de
636 2042 737 2103 Poetis
757 2039 875 2101 Latinis
896 2041 951 2102 lib.
974 2038 1014 2101 V.
1036 2060 1100 2119 cap.
1123 2042 1175 2101 st.

147 2143 187 2203 Τ.
210 2141 419 2227 Calplaurnius
441 2143 576 2204 natione·
593 2141 714 2206 Siculus
744 2143 821 2219 luit,
853 2153 889 2204 ut
909 2141 1121 2222 inscriptiones
1149 2153 1288 2203 ueterum
1328 2168 1330 2179 =

147 2243 287 2306 codicum
307 2245 449 2324 probant.
492 2247 575 2307 luter
595 2265 646 2306 eos
669 2258 775 2324 poetas
795 2245 909 2306 relatus
935 2257 999 2320 cst,
1029 2244 1083 2324 qui
1104 2243 1289 2321 scripserunt

145 2347 325 2420 Bucolicum
345 2367 476 2407 carmen.
518 2348 554 2407 ln
575 2345 634 2408 hoo
656 2348 738 2406 enim
759 2344 881 2408 iudicio·
893 2344 1083 2408 eruditorum
1104 2363 1288 2423 magnopere

148 2449 307 2525 excelluit,
340 2469 412 2512 cum
442 2449 541 2529 'gratia
573 2449 729 2525 carminis,
761 2461 828 2511 tum
864 2449 1011 2527 elegantia
1042 2462 1072 2511 et
1091 2447 1286 2529 proprietate.

146 2556 206 2614 Per
225 2551 330 2613 eadem
351 2564 489 2632 tempora
509 2551 632 2629 floruit,
653 2553 767 2635 quibus
789 2552 997 2616 Diocletianus
1018 2552 1131 2615 Caesar
1151 2564 1180 2613 et
1204 2549 1286 2611 Con·

146 2654 249 2716 stantii
270 2654 424 2734 Principes
450 2655 622 2717 Romanum
643 2655 809 2735 imperium
830 2654 980 2717 moderati
1006 2668 1078 2720 sunt
1099 2669 1154 2716 etc.

232 2758 262 2818 6.
288 2756 429 2816 &astutas
450 2754 595 2818 Rot'erod.
628 2757 660 2817 in
693 2759 806 2835 Paneg.
839 2758 998 2837 Philippi,
1028 2753 1285 2835 Burgundionum

273 2856 433 2937 Principis.
469 2860 559 2919 Tam.
581 2859 634 2919 tv.
660 2856 753 2937 Oper.
787 2878 857 2938 pag.
873 2862 947 2920 523.

146 2960 217 3020 Nou
246 2955 344 3020 dimus
383 2959 497 3038 regiam
532 2960 593 3022 oris
622 2957 814 3038 dignitatem,
845 2980 881 3020 ac
911 2972 1006 3021 totam
1034 2958 1142 3021 faciem
1172 2958 1215 3020 sic
1245 2980 1285 3019 ex

143 3061 270 3123 amabili
289 3058 425 3144 quadam
454 3075 610 3125 uenustate
630 3063 747 3143 pariter
773 3085 807 3124 ao
835 3064 990 3126 maiestate
1009 3073 1225 3144 temperatam,
1250 3076 1305 3135 ut,

146 3186 247 3249 neque
266 3165 364 3246 grette
383 3165 499 3226 minuat
519 3167 732 3241 resistentiam,
752 3187 854 3249 neque
874 3165 1007 3246 dignitas
1027 3165 1143 3227 officiat
1162 3168 1285 3247 gratiae,

131 3252 267 3352 qualem
289 3268 423 3329 arbitror
443 3268 536 3329 fuisse
558 3268 622 3346 illi,
651 3270 683 3329 iu
711 3289 774 3351 quo
796 3289 859 3330 uno
887 3271 1024 3347 geminos
1045 3273 1149 3332 uultus
1176 3272 1286 3330 llartis

145 3386 237 3455 atque
259 3373 411 3453 Apollinis
432 3372 608 3453 apparuisse
627 3373 747 3451 scripsit
765 3370 984 3450 Calplrurnios,
1005 3370 1099 3453 idque
1120 3373 1151 3431 iu
1172 3373 1285 3433 nastico

145 3475 269 3559 quidem
291 3478 443 3553 carmine,
460 3474 517 3539 ssd
539 3496 602 3561 quo
622 3476 703 3539 nihil
724 3474 820 3554 possit
841 3471 901 3535 dici
922 3476 1024 3537 minos
1043 3474 1200 3539 mstioum.
1233 3472 1283 3558 (cl.

144 3582 205 3641 Ecl.
227 3582 293 3642 VII.
317 3576 410 3659 extr.)
892 3612 897 3623 ·

230 3683 260 3744 7.
283 3678 438 3761 Gyraldus
459 3677 497 3739 de
518 3693 676 3759 poetarum
699 3681 840 3759 historia,
860 3681 932 3745 dial.-
951 3685 1007 3746 IV.
1048 3722 1052 3731 -

142 3784 238 3846 iulius
259 3785 349 3846 Titus
370 3783 566 3863 Calpurnius,
586 3784 619 3844 in
640 3784 740 3846 insula
761 3786 984 3862 sicilianum,
1005 3782 1087 3847 unde
1105 3786 1151 3845 illi
1172 3804 1284 3864 cogno·

145 3906 214 3947 men
235 3885 366 3948 Siculus.
405 3884 549 3946 Bucolica
569 3887 620 3947 hic
648 3888 785 3966 scripsit,
819 3905 899 3970 quas
927 3900 1041 3963 extant,
1077 3898 1108 3948 et
1135 3909 1153 3949 a
1179 3890 1285 3951 methis

144 3990 288 4065 leguntur
307 3988 547 4081 probenturque.
591 3990 655 4069 ligo
675 4004 754 4053 certe
775 3991 808 4052 in
829 4012 867 4053 eo
888 3991 1061 4053 facilitatem
1088 4005 1118 4053 et
1138 3992 1285 4052 sermonis

145 4090 379 4168 uolubilitatem,
401 4088 454 4153 sed
476 4110 586 4169 parum
600 4090 754 4154 interdum
776 4095 865 4154 nerui
886 4108 916 4155 et
930 4096 1139 4157 concinnitatis
1157 4091 1283 4155 offendi.
1362 4090 1366 4097 ’

145 4190 218 4254 Fuit
240 4190 386 4274 quidem,
415 4212 485 4253 otim
519 4211 575 4271 ego
608 4210 711 4256 omnes
732 4207 847 4275 septem
870 4197 988 4274 eclogas
1006 4194 1182 4257 nitidissime
1203 4197 1285 4273 lege·

146 4312 227 4369 rem,
259 4312 330 4357 nam
345 4335 348 4343 ·
362 4306 390 4355 et
411 4312 461 4355 me
490 4312 587 4374 puero
616 4297 719 4373 magni
759 4292 886 4376 quidam
910 4296 1112 4377 protensam,
1144 4308 1179 4357 ut
1213 4308 1284 4356 ttsuo

148 4408 233 4458 crant
259 4392 411 4478 tensporti,
439 4416 489 4461 aas
510 4396 599 4459 etiam
621 4398 742 4479 publico
762 4399 983 4479 praelegebant.
1005 4412 1059 4460 etc.
1084 4399 1087 4407 “
