3067 4950
663 309 946 380 ...10..

234 499 308 560 bibl.
339 497 414 576 Reg.
444 491 539 556 Paris.
570 514 608 554 ex
635 506 722 574 parte
748 512 853 556 carram
882 491 977 572 gerit,
1014 491 1244 556 beneuolentiae
1271 493 1379 574 debeo,

233 607 264 662 4.
288 603 317 662 5.
340 595 374 681 6)
397 594 501 661 codd.
525 592 747 660 Doruilliaui
768 595 800 662 b.
822 621 851 662 a.
873 596 907 659 d.
935 596 975 660 de
1002 598 1117 680 quibus
1144 599 1226 660 nihil
1253 622 1380 682 prorsus

233 701 408 782 expositum
435 713 494 778 est,
521 699 583 762 nisi
603 697 689 782 quod
710 702 749 761 ab
771 699 878 762 mdem
905 701 962 762 illo
982 701 1140 764 Doruillio
1160 723 1268 764 sorum
1288 706 1381 767 oolla·

232 805 331 866 tiones
359 801 399 866 ad
424 805 636 864 Burmannum
661 813 732 862 sunt
764 802 966 864 transmissae.
1008 802 1187 881 Scripturas
1204 802 1380 886 discrepant.

164 961 165 966 ,
233 909 292 984 tia,
313 929 393 990 quas
413 905 453 967 ad
473 925 579 967 omnes
602 905 657 964 XI.
678 903 804 984 Bclogas
824 905 975 986 pertinet,
994 904 1027 966 in
1051 902 1174 981 eadem,
1194 927 1261 987 qua
1277 908 1378 970 Deru.

232 1033 260 1072 a.
281 1007 459 1089 appendice
485 1006 643 1088 proposita
674 1018 728 1068 cst.
771 1007 821 1068 Ex
847 1005 998 1068 Dormd.
1028 1007 1180 1086 plurimae
1200 1007 1378 1088 scripturae,

233 1112 318 1194 quod
350 1115 458 1174 Burm.
491 1131 540 1172 eas
567 1111 662 1190 paulo
697 1121 766 1172 ante
788 1123 958 1189 acceperat,
993 1110 1034 1170 ab
1063 1109 1118 1170 illo
1150 1109 1282 1171 incertae
1306 1125 1380 1174 sunt

231 1216 329 1296 ipsius
346 1211 583 1288 Commentario,
603 1212 735 1291 simplici
754 1212 833 1290 sigla
848 1209 959 1274 Doru.
976 1212 1156 1272 instructanr
1176 1211 1250 1272 binc
1262 1212 1376 1275 factmn

231 1330 289 1392 est,
312 1329 346 1378 ut
367 1311 562 1378 Wcrusdorf.
583 1326 613 1374 et
633 1313 725 1374 Beck.
747 1312 854 1375 eadem
875 1313 953 1392 sigla
969 1313 1004 1374 in
1020 1315 1080 1374 boc
1098 1314 1181 1375 libro
1202 1312 1375 1378 denotando

232 1433 409 1494 uterentur,
446 1437 515 1480 cum
543 1413 592 1514 'ad
628 1416 800 1487 Burmanni
837 1417 949 1492 uerba,
984 1417 1142 1496 Execrptis
1173 1417 1376 1480 Dornillianis

230 1523 411 1604 praemissa,
432 1538 493 1579 non
514 1514 711 1580 attenderent.
754 1519 854 1580 Duru.
875 1521 906 1579 b.
929 1539 955 1579 c.
977 1537 1041 1578 non
1063 1516 1276 1578 contemnendi
1295 1531 1377 1592 suut,

232 1638 262 1687 et
290 1645 379 1704 saepe
407 1643 476 1684 cum
501 1622 570 1684 aliis
602 1621 690 1682 bonis
716 1621 805 1682 libris
829 1622 958 1682 faciunt:
990 1622 1083 1701 paulo
1112 1620 1193 1682 inira
1216 1618 1376 1700 ponendus

232 1739 276 1788 est
297 1728 396 1786 Doru.
413 1721 443 1785 d.
487 1720 520 1808 7)
543 1719 894 1805 Oct.1tetuttgemnus
914 1717 1096 1797 secundus,
1116 1745 1156 1786 ex
1176 1724 1376 1799 Bibliotheca,

231 1851 310 1912 quae
335 1828 381 1888 in·
395 1827 453 1887 hac
482 1827 558 1886 urbe
594 1837 708 1898 exstat,
746 1821 960 1901 Rebdigerana
999 1822 1212 1904 depromptus,
1245 1827 1375 1888 cbarta'c.

229 1933 329 1994 forma
351 1929 460 2014 quadr.
476 1950 550 1990 saec
566 1929 637 1988 XV.
650 1927 837 2006 negligenter
850 1927 979 2006 scriptus
996 1926 1143 1988 foliorum
1157 1929 1229 1988 115.
1259 1926 1374 1992 Omnes

230 2036 285 2096 XI.
306 2035 432 2111 liclogae
452 2031 621 2111 Calpurnio
641 2028 810 2110 adscriptae
832 2043 918 2092 sunt:
935 2037 1065 2102 {exstant
1089 2051 1141 2090 eae
1162 2031 1215 2093 fol.
1227 2034 1258 2092 3.
1281 2036 1311 2092 1.
1327 2066 1371 2083 -··

232 2141 284 2198 22.
308 2141 336 2196 l.
378 2138 413 2196 ln
435 2137 493 2196 hoc
512 2135 593 2196 libro
614 2146 734 2213 praeter
754 2154 849 2194 unam
880 2132 1109 2211 inscriptionem
1136 2133 1171 2192 in
1190 2134 1255 2194 eius
1276 2133 1375 2196 fronte

230 2238 361 2318 positam
382 2238 468 2297 nulla
488 2237 656 2316 reperitur,
686 2255 787 2316 neque
814 2253 1014 2313 personarum
1039 2231 1229 2312 significatio,
1249 2249 1374 2316 excepta

230 2341 298 2401 folii
318 2339 399 2401 tertii
419 2339 530 2419 pagiua
557 2339 670 2419 priore.
711 2337 771 2398 Hic
797 2337 861 2396 illic
886 2336 1043 2411 librarius,
1073 2336 1129 2396 ubi
1155 2356 1286 2415 persona
1304 2359 1374 2399 mu·

229 2454 329 2518 tatur,
356 2443 416 2505 hoc
444 2442 565 2521 signum
599 2434 645 2525 ('')
667 2437 706 2501 ad
734 2441 901 2519 marginem
931 2441 1043 2522 posuit.
1066 2442 1229 2519 ,Singulae
1246 2440 1374 2519 Eclogae

231 2547 323 2607 tinius
343 2545 442 2606 lineas
469 2544 567 2624 spatio
598 2544 739 2604 intense
771 2540 928 2607 distinctae
955 2558 1043 2608 suntt
1081 2546 1219 2623 singulae
1245 2545 1373 2624 paginae

229 2648 340 2725 uiginti
368 2666 423 2711 sex
450 2664 556 2707 uersus
585 2644 747 2705 continent.
806 2641 992 2727 Quanquam
1021 2648 1119 2709 multa
1151 2659 1223 2707 sunt
1251 2648 1372 2719 sudosa,

230 2770 310 2832 quac
334 2751 385 2811 bic
403 2750 482 2809 liber
503 2748 611 2825 babet,
639 2760 741 2811 tamen
761 2747 858 2811 bonas
884 2751 1048 2831 scripturas
1070 2750 1100 2812 ei
1121 2771 1183 2811 non
1205 2752 1297 2830 plana
1317 2747 1371 2809 ds·

228 2874 291 2915 esse
312 2852 465 2915 affirmare
483 2870 625 2932 possum:
657 2853 723 2933 ipse
744 2874 815 2915 eum
842 2856 965 2915 contuli.
1021 2851 1056 2939 8)
1076 2857 1212 2919 Alteram
1233 2850 1370 2913 codicum

228 2956 375 3015 familiam
406 2955 540 3017 efficiunt
569 2956 643 3017 libri
670 2958 721 3017 hi:
760 2957 821 3021 cd.
849 2955 1061 3033 Palatinus,
1092 2956 1177 3038 apud
1207 2957 1315 3017 Barth.
1336 2956 1371 3015 in

228 3054 437 3130 Aduersariis,
468 3052 552 3134 apud
579 3056 687 3117 lanum
718 3053 874 3119 Gebhard.
912 3057 947 3117 in
987 3056 1171 3138 crepundiis
1203 3056 1370 3121 adbibitus.

229 3161 321 3220 Plura
342 3178 382 3219 ex
402 3155 448 3219 cd.
468 3160 563 3220 Palat.
590 3159 720 3239 protulit
745 3161 853 3222 Burin.
880 3159 915 3219 in
935 3159 1173 3240 „Commentario
1192 3181 1261 3235 suo,
1290 3181 1370 3242 quas

115 3244 120 3253 '
228 3282 262 3323 u
282 3262 320 3323 ab
340 3262 384 3324 tu
415 3260 592 3342 clauom.
622 3261 762 3339 Wolfio,
798 3284 815 3323 e
850 3259 952 3324 codice
976 3263 1136 3325 melana
1167 3262 1297 3343 marsya
1329 3259 1370 3323 at

231 3367 388 3445 exemplar
406 3362 547 3427 editionis
567 3364 720 3427 Vlitiauae
741 3376 845 3427 notata
864 3365 1012 3444 accepisse
1030 3365 1133 3427 refert.
1154 3366 1260 3426 Barth.
1287 3384 1369 3437 eunt,

230 3487 324 3546 quam
354 3479 424 3527 ante
451 3468 555 3529 oculos
579 3465 701 3541 babuit,
735 3464 869 3529 codicem
890 3466 966 3527 olim
995 3466 1106 3527 lanctii
1133 3466 1252 3525 Maneti
1277 3466 1371 3528 tuisse

229 3579 331 3629 narrat
353 3564 496 3627 Aduerso.
518 3570 570 3642 34,
591 3571 622 3627 2.
643 3572 696 3643 43,
716 3575 747 3629 4.
770 3582 800 3629 et
827 3570 921 3647 paulo
950 3580 1020 3629 ante
1045 3588 1074 3629 a.
1098 3571 1190 3629 1460.
1220 3568 1368 3648 scriptum

161 3684 165 3694 ·
229 3688 291 3732 esse
311 3681 415 3749 putat,
443 3664 575 3744 addens,
603 3688 709 3731 omues
740 3670 795 3731 Xl.
815 3670 942 3749 Eclogas
960 3673 996 3731 in
1015 3691 1052 3734 eo
1073 3672 1169 3732 tribui
1188 3670 1368 3752 Calpurnio.

228 3772 276 3831 De
295 3772 350 3832 illo
376 3790 457 3833 anno
485 3790 595 3851 parum
616 3784 749 3833 constat:
783 3768 818 3833 id
840 3784 955 3834 certum
981 3786 1043 3848 cst,
1075 3772 1158 3835 bunc
1183 3772 1231 3835 cd.
1251 3786 1320 3853 post
1339 3794 1367 3833 a.

229 3878 322 3935 1460.
351 3874 442 3937 scribi
466 3882 536 3952 non
556 3877 699 3956 potuisse.
757 3876 799 3937 At
826 3876 951 3937 fortasse
972 3873 1011 3935 de
1038 3875 1196 3954 pluribus,
1228 3888 1306 3937 certe
1329 3871 1368 3935 de

227 3976 346 4037 duobus
367 3972 454 4037 codd.
475 3978 619 4041 Palatinis
647 3978 773 4057 cogitari
798 3976 904 4052 debet,
925 3977 962 4039 ci.
991 3978 1052 4039 Ecl.
1078 3980 1101 4055 l,
1124 3982 1176 4041 30.
1196 3977 1292 4050 Vlltl,
1312 3979 1367 4051 38,

226 4080 280 4153 XI,
303 4082 353 4139 18.
396 4074 430 4159 9)
455 4075 516 4141 (ld.
541 4077 581 4141 V
576 4078 756 4157 orsianus.
786 4081 818 4141 in
840 4080 1010 4143 Burmanni
1031 4080 1258 4143 Commentario
1278 4075 1368 4139 adbi-

226 4181 322 4243 bitus:
345 4178 451 4243 cudem
475 4192 548 4243 teste
574 4204 679 4245 omnes
700 4186 754 4246 XI.
785 4185 910 4263 Erlogas
929 4183 1096 4265 Calpurnio
1115 4182 1275 4244 attributas
1295 4201 1368 4243 con·

197 4304 199 4307 ·
224 4284 309 4345 tinet.
351 4285 385 4345 Iu
406 4284 499 4346 buius
520 4285 592 4347 libri
612 4286 712 4349 fronte
740 4289 815 4349 haec
841 4300 926 4350 sunt:
958 4286 994 4350 Ο.
1017 4282 1204 4370 Calpurnii
1225 4302 1365 4347 carmen

225 4379 417 4449 bucolicum
449 4382 576 4470 incipit
599 4383 788 4471 .felicitct·,·
829 4388 869 4451 ad
896 4385 1032 4450 eiusdem
1065 4390 1176 4451 calcem
1204 4389 1298 4450 bacca
1327 4383 1365 4447 G.
