3067 4950
588 242 866 372 ...111-

140 463 334 572 Calpurnii
382 480 555 550 bucolicon
579 505 716 550 cnrmen
739 482 878 548 desinit.
921 488 971 550 De
987 488 1108 574 reliqna
1126 491 1201 554 libri
1218 513 1291 555 con·

143 589 262 662 ditione
284 589 366 650 nibil
400 599 444 650 eet
475 583 623 650 additum.
667 585 721 672 10)
745 584 805 648 ut.
837 586 1034 669 Gotbonue,
1066 595 1099 656 in
1128 613 1193 677 quo
1222 607 1293 677 poet

142 693 271 770 Virgilii
294 693 451 766 Bucolica,
479 692 626 772 Georgica
653 705 683 754 et
703 689 869 754 Aeneidem
901 693 1006 756 11110111
1037 695 1200 777 Calpurnii
1217 699 1292 760 Ecll.

143 795 252 858 t-VL
274 809 304 862 et
324 815 363 858 ex
384 795 447 856 Eel.
466 795 534 870 Vll,
554 798 665 860 1-65.
695 817 757 860 non
783 809 853 860 ante
868 815 947 860 eaec-
967 798 1041 860 XV.
1061 800 1199 880 ecriptoe.
1240 797 1293 860 At

145 898 214 960 ciue
237 898 348 958 calcem
369 893 521 975 adscripta
542 909 629 960 euru:
657 894 893 973 „linia-leuco
913 919 1002 982 quun
1019 898 1064 963 tie
1087 898 1293 985 calphurnio

145 997 408 1062 inueniuntnt·'’
430 995 486 1082 (ita
506 997 701 1060 Wernedorf.
722 1000 743 1062 l.
767 1020 795 1060 a.
815 1021 885 1080 pag.
900 1004 952 1063 37.
972 1000 1026 1064 eed
1049 1023 1118 1083 pag.
1137 1005 1189 1065 27.
1208 1000 1293 1064 idem

144 1098 249 1160 affert:
285 1096 409 1172 „Hono
441 1108 542 1176 111111,
575 1119 663 1184 quoe
695 1098 738 1162 de
770 1098 984 1183 Colpburnio
1015 1101 1292 1182 inueniuntur'’.·

22 1243 24 1246 -
145 1201 224 1262 haec
242 1201 297 1262 itte
319 1221 358 1262 ex
377 1201 525 1266 memmia
546 1201 682 1280 poeuieee
703 1197 848 1283 uidetur).
893 1200 1085 1270 Wernedorf.
1107 1207 1200 1268 huiue
1216 1200 1293 1268 libri

145 1302 342 1364 collationem
373 1323 391 1364 a
427 1304 461 1362 cl.
492 1301 642 1364 Meneclio
673 1301 796 1381 accepit.
840 1298 897 1387 11.)
927 1301 987 1368 Oct.
1018 1302 1293 1390 Reledigerouun

142 1403 266 1488 prior,
286 1424 325 1466 ex
345 1405 553 1479 Bibliotheca,
574 1404 704 1486 quaein
727 1405 785 1464 hac
806 1406 883 1466 urbe
909 1419 962 1483 eet,
981 1407 1196 1488 Rehdigerane
1214 1411 1295 1470 mihi

21 1521 22 1526 ¹
145 1501 187 1564 ad
208 1505 355 1568 utendum
377 1526 549 1570 macerans:
572 1508 791 1570 chartaceo-
812 1510 940 1573 membr.
960 1511 1048 1572 utixt.
1068 1512 1168 1574 forma
1182 1510 1293 1594 quadr.

144 1627 222 1670 eaec.
245 1608 317 1668 XV.
338 1604 434 1670 nitide
453 1607 593 1689 scriptun,
614 1620 729 1670 conetat
749 1609 832 1674 foliie
854 1612 926 1673 130.
956 1611 1089 1677 continet
1110 1633 1216 1676 omnee
1235 1615 1293 1676 XI.

144 1709 274 1787 Eclogas
307 1691 477 1790 Calpurnio
505 1711 684 1788 assignatae:
713 1723 840 1773 exstant·
860 1733 914 1775 eae
942 1713 996 1776 fol.
1018 1718 1048 1776 3.
1072 1719 1101 1778 1.
1122 1749 1165 1764 -
1187 1718 1239 1778 27.
1263 1721 1292 1779 t.

145 1813 248 1874 Tituli
270 1823 300 1874 et
318 1832 519 1891 personarum
541 1813 628 1890 signa
657 1813 753 1874 rubro
781 1814 882 1874 colore
911 1827 982 1878 eunt
1008 1817 1098 1894 picta.
1147 1815 1293 1897 Singulae

146 1917 279 2000 paginae
302 1917 412 1996 uiginti
448 1917 498 1978 uel
519 1914 596 1978 duee
619 1919 669 1978 uel
701 1929 763 1980 tres
791 1934 898 1980 uerene
925 1919 1080 1980 exhibent.
1134 1921 1293 1982 Pmeterea

145 2023 183 2083 in
203 2041 240 2084 eo
260 2023 359 2085 multa
374 2020 499 2105 Virgilii
521 2032 551 2082 et
571 2019 701 2082 aliorum
724 2017 828 2103 (etiam
847 2018 1065 2106 recentiorum)
1085 2022 1218 2084 earmina
1233 2023 1292 2082 mi-

19 2161 20 2224 )
145 2143 225 2186 nora
245 2123 356 2203 scripta
376 2135 462 2184 eunt:
483 2122 549 2202 ipae
572 2142 643 2184 eum
664 2123 789 2187 contuli.
834 2121 889 2202 12)
910 2119 970 2187 Cei.
999 2121 1147 2200 Medii.
1163 2125 1203 2186 ah
1233 2124 1294 2185 hoc

147 2226 219 2288 uiro
244 2227 278 2288 iu
302 2223 504 2287 Lectionibue
531 2223 738 2305 Nouantiquie
765 2224 930 2305 aliquotiee
957 2240 1224 2289 commemoratae:
1254 2225 1293 2289 de

19 2343 21 2352 ’
148 2331 209 2390 1100
229 2330 319 2409 plane
340 2331 419 2390 nihil
440 2328 571 2408 proferri
592 2340 700 2408 potest.
747 2325 801 2409 13)
825 2326 908 2391 cdd.
930 2326 1141 2404 Catuuolci,
1161 2331 1194 2388 in
1210 2350 1292 2391 com-

149 2431 298 2493 mentario
319 2429 390 2493 edit.
411 2431 613 2493 Bononieneie
633 2431 727 2493 allati.
771 2427 827 2513 14)
848 2427 931 2494 cdd.
955 2426 1056 2507 Titii,
1074 2432 1109 2493 in
1129 2431 1293 2494 Commen-

149 2535 227 2596 tario
250 2532 322 2597 edit.
343 2533 535 2599 iteranti
558 2530 794 2598 commemorati.
836 2534 885 2595 De
904 2533 954 2595 hie
976 2532 1146 2599 Guidelotti
1165 2549 1195 2597 et
1217 2538 1295 2599 Titii

150 2634 304 2700 codicibus
326 2639 382 2699 uix
402 2650 484 2701 tecte
512 2635 641 2699 iudicari
669 2650 777 2718 potest.
820 2635 893 2698 Sine
922 2634 1019 2698 dubio
1050 2638 1102 2699 hic
1130 2640 1194 2700 illic
1220 2636 1299 2700 uere'

150 2753 221 2801 eunt
241 2738 356 2802 codices
377 2760 470 2801 manu
502 2741 625 2819 scripti:
657 2738 814 2801 interdum
841 2753 943 2800 tamen
964 2740 1046 2807 ‚eetie
1070 2738 1192 2821 liquido
1219 2740 1294 2801 libri
1318 2722 1323 2729 ³

149 2842 230 2922 typie
258 2841 408 2921 impreesi·
427 2840 652 2918 significantur3
684 2850 847 2904 occurrunt
875 2839 957 2902 euim
985 2838 1202 2923 exemplaria
1228 2860 1294 2901 uer⁴

152 2951 260 3017 tuoto,
282 2950 400 3009 textus
416 2935 551 3023 fideles.
591 2943 626 3003 In
646 2942 714 3023 ipse
733 2938 928 3006 adnotatione
952 2940 1055 3003 critice
1074 2943 1188 3003 horum
1209 2941 1294 3005 uiro·

151 3063 221 3107 rum
242 3046 339 3107 uerba
360 3045 478 3123 integra
505 3046 614 3124 poeni,
644 3056 678 3107 ut
700 3039 804 3125 quoad
823 3040 891 3105 fieri
910 3054 1027 3123 poten,
1060 3045 1192 3126 quicque
1211 3042 1294 3107 iudi·

152 3164 217 3207 care
239 3158 341 3227 queat.
361 3178 404 3191 -
425 3146 548 3209 Praeter
568 3148 626 3208 hoe
647 3143 763 3207 codices
790 3145 923 3211 eliorum
952 3163 1079 3227 quoque
1104 3146 1140 3208 iit
1170 3149 1294 3224 mentio,

151 3249 197 3310 uti
219 3245 347 3311 codicia
370 3246 470 3311 illiue
492 3245 725 3313 uetuetimimi
746 3258 852 3332 atquo
880 3246 1172 3325 emendatissimi,
1199 3269 1294 3329 quem

152 3350 313 3431 Vgoletue,
335 3372 351 3415 e
367 3352 531 3414 Germania
546 3354 683 3429 allatum,
702 3354 734 3414 in
751 3350 885 3415 editione
905 3372 961 3412 oua
974 3360 1095 3412 cecutue
1111 3362 1164 3411 eet.
1195 3353 1294 3414 Porro

152 3453 184 3513 in
205 3455 398 3533 praefatione
421 3454 595 3517 ,Brassicani
617 3451 722 3517 codex
745 3450 890 3537 quidum
920 3449 1116 3536 antiquae.
1134 3453 1191 3535 qui
1210 3452 1294 3533 apud

153 3555 321 3619 Cenoniooe
344 3558 389 3620 St.
409 3557 492 3619 Petri
513 3554 552 3617 ed
580 3557 727 3617 Pulchrae
748 3556 849 3634 Fagoe
867 3552 979 3639 (prope
1002 3551 1190 3639 Tuhingam)
1210 3569 1295 3617 tene·

151 3651 244 3721 batur
263 3658 304 3746 (a.
328 3659 454 3744 1519.):
483 3680 523 3721 ex
542 3660 602 3719 hoc
621 3660 718 3721 multa
736 3678 770 3721 ee
797 3678 870 3720 uere
889 3655 1073 3732 dietinximu
1092 3659 1204 3719 multoe
1224 3678 1295 3721 uer·

152 3782 203 3825 tue
223 3762 357 3842 integros
377 3760 554 3825 adiunxisse
583 3759 738 3823 contextui
765 3761 962 3822 Braeeicanue
990 3771 1126 3821 teetatur.
1168 3760 1215 3820 De
1236 3762 1296 3823 hoc

151 3865 233 3927 libro
262 3865 306 3925 ill.
335 3864 515 3940 Walzium,
536 3863 765 3938 professorem,
788 3862 942 3923 coneului:
973 3872 1105 3921 attamen
1129 3880 1169 3921 ne
1196 3864 1294 3923 ullum

155 3966 281 4051 quidem
303 3968 367 4029 eius
389 3968 552 4044 ueetiqum
572 3964 665 4027 hodie
696 3976 868 4057 exoratu-
898 3962 1016 4025 Pariter
1034 3976 1152 4027 tantum
1172 3966 1295 4026 nomine

155 4091 252 4151 paene
274 4072 339 4132 solo
360 4068 427 4133 noti
447 4080 517 4129 eunt
546 4064 676 4127 codicee
709 4062 907 4136 Mortalin,
935 4062 1132 4137 Palmarii,
1151 4064 1296 4129 Carrio-

154 4170 226 4243 nis‚
256 4168 478 4244 Bartholiui,
508 4166 682 4229 oliorum.-
711 4180 838 4247 propter
857 4167 956 4229 famae
983 4168 1160 4229 tenuitatem
1180 4166 1237 4227 uix
1257 4163 1295 4225 de

155 4273 202 4338 hie
223 4274 313 4335 statui
334 4274 455 4354 poterit.
497 4271 668 4349 Diligenter
689 4284 791 4333 tamen
818 4273 874 4332 hae
896 4290 1022 4352 quoque
1049 4269 1172 4331 notitiae
1192 4280 1296 4329 tenues

155 4375 278 4439 enotatti
298 4394 416 4457 suoque
436 4376 502 4437 loco
522 4373 647 4437 inserui.
669 4408 709 4419 —-
746 4371 873 4437 Codicee
893 4370 1030 4434 nondum
1061 4372 1161 4433 collati
1179 4381 1297 4431 exetant
