3067 4950
170 448 375 516 conueniunt!
420 450 468 512 Ex
493 449 576 510 illins
604 449 750 510 sententia
770 447 898 525 Eclegae
918 460 1033 526 septem
1054 447 1172 527 priores
1199 461 1267 508 ante
1290 469 1318 508 a.

173 559 250 618 285.
283 551 413 632 scriptae
441 564 527 626 sunt,
562 550 743 630 posteriores
768 560 871 610 autem
899 563 978 611 certe
1003 563 1074 629 post
1100 573 1127 610 a.
1157 553 1229 612 303.
1256 569 1344 630 que·

172 657 362 719 Tiberianus
388 654 489 718 adbuc
517 657 613 718 uixit:
648 673 720 732 erge
740 665 811 732 post
835 649 1047 732 duodeuiginti
1069 674 1165 716 annos
1193 650 1237 737 (et
1257 654 1320 713 for·

171 775 252 823 tasse
272 759 391 846 plnres)
408 758 599 840 ,Calpurnius
632 755 768 819 studium
788 768 851 817 tam
871 754 926 816 din
947 758 1115 834 neglectum
1137 758 1319 821 retractauit.

172 862 327 946 Equidem
348 861 431 924 band
453 859 632 924 crediderim
652 863 696 923 ita
724 879 789 921 esse
819 859 946 920 lectiam:
978 861 1084 920 saltem
1105 861 1244 937 exempla
1265 857 1319 918 de·

172 977 253 1026 sunt.
297 963 413 1026 ludicie
441 965 537 1043 igitur
561 974 780 1043 praeconcepto
804 958 926 1037 omnes,
956 962 1013 1042 qui
1033 982 1073 1020 ex
1092 961 1175 1021 bisce
1200 959 1319 1042 aliquid

172 1066 306 1129 conflare
325 1067 423 1128 cenati
444 1079 532 1141 sunt,
559 1067 638 1126 bane
659 1066 867 1146 quaestionem
887 1076 1123 1143 pertractarunt:
1141 1077 1317 1144 corruptum
1336 1109 1339 1113 -

172 1183 276 1232 autem
306 1181 352 1231 est
371 1167 523 1231 iudicium
553 1169 609 1228 ille
641 1168 767 1248 Vopisci
794 1170 871 1228 lece.
914 1168 981 1246 lpse
1014 1169 1096 1228 enim
1123 1165 1317 1228 Wernsderl'.

174 1293 355 1356 quanquam
384 1271 587 1352 Calpurnium
615 1272 738 1348 Eelogas
765 1291 836 1331 snas
866 1270 1049 1332 Nemesiano
1076 1268 1227 1332 dedicasse
1248 1289 1318 1348 per·

173 1391 284 1456 negat,
306 1373 353 1437 de
380 1375 555 1436 Nemesiani
574 1385 687 1447 aetate,
717 1389 781 1454 qua
809 1371 994 1452 Calpurnius
1022 1393 1147 1454 queque
1171 1374 1317 1446 floruerit,

173 1491 347 1540 constanter
375 1477 520 1552 affirmat,
548 1474 637 1557 quasi
665 1495 739 1536 uere
761 1495 826 1535 rem
847 1478 938 1557 plane
959 1475 1135 1555 expeditam
1162 1489 1192 1538 et
1210 1498 1267 1556 per
1287 1499 1318 1538 se

173 1593 404 1641 consentaneam
424 1590 588 1660 proponat.
630 1573 782 1659 Equidem
806 1597 846 1638 ex
873 1577 1064 1652 Nemesiani,
1093 1576 1245 1661 siquidem
1266 1579 1319 1638 ille

171 1681 255 1744 idem
280 1695 324 1745 est
352 1696 444 1764 atque
473 1680 648 1761 Cynegetici
674 1677 821 1759 scriptor,
854 1678 1139 1741 commemoratione
1159 1679 1319 1760 Calpurnii

174 1801 301 1850 aetatem
324 1781 525 1845 definiendam
554 1795 647 1861 pute,
682 1778 736 1841 sed
768 1781 950 1860 paulopost
971 1780 1225 1861 Cariimperium
1247 1802 1317 1844 essm

172 1890 311 1950 floruisse
335 1905 458 1966 censeo,
491 1905 560 1945 eum
592 1885 685 1944 buius
721 1884 916 1962 heperateris
946 1882 1010 1946 uite¹
1050 1885 1104 1944 stix
1144 1905 1214 1944 cum
1246 1885 1317 1946 Cal-

174 1993 279 2071 purnii
301 1990 393 2062 rebus
418 1987 592 2049 concinnari
622 1987 727 2067 possit.
769 1988 876 2068 Itaque
903 1988 983 2050 Petr.
1014 1987 1150 2051 Crinitus
1169 1991 1190 2050 l.
1212 2009 1239 2048 a.
1263 2011 1316 2055 ue·
1409 2007 1418 2051 ,’

169 2095 237 2156 rins
258 2093 371 2155 dixitne
394 2091 525 2154 uidetur.
568 2092 617 2152 De
644 2089 774 2171 reliquis
804 2090 964 2171 Calpurnii
993 2089 1217 2154 conditionibus
1238 2089 1320 2152 nihil

172 2198 293 2258 seimus.
336 2194 419 2270 Quid
440 2193 489 2256 ·de
516 2195 672 2256 Meliboee
693 2195 767 2262 itto,
803 2196 859 2276 qui
888 2196 922 2255 in
950 2194 1111 2274 Calpurnii
1132 2195 1316 2256 carminibus

171 2301 355 2374 celebratur,
386 2296 580 2359 statuendum
600 2298 654 2374 sit,
686 2295 821 2358 uiderint
847 2299 913 2358 atti:
947 2296 1090 2379 equidem
1122 2295 1160 2357 de
1188 2316 1225 2358 eo
1252 2292 1333 2357 non'
1376 2294 1380 2306 “

171 2403 271 2479 babeo
307 2399 392 2483 qnod
421 2401 583 2481 proferam.
627 2401 745 2461 Fictum
777 2420 841 2461 esse
868 2420 980 2462 nemen
1012 2400 1098 2461 facile
1119 2398 1314 2462 concedeturs

170 2506 302 2566 aliorum
323 2518 424 2565 autem
445 2517 605 2585 poetarum
625 2524 741 2565 merent
772 2505 799 2565 si
824 2506 1017 2584 respicimus,
1039 2528 1140 2589 neque
1160 2506 1314 2569 Nemesia-

171 2628 229 2669 nus
249 2628 352 2689 neque
371 2608 554 2669 Tssterianus
575 2626 632 2686 per
651 2606 841 2667 Meliboeum
863 2608 993 2688 intelligi
1013 2620 1149 2689 possunt.
1227 2675 1230 2681 ,

256 2717 287 2779 4.
315 2706 370 2771 De
392 2705 578 2792 Calpurnii
599 2705 752 2791 Eclogis.
795 2709 850 2768 Illa
882 2708 1021 2771 undecim
1052 2711 1202 2781 earmina,
1231 2732 1311 2791 quae

170 2812 242 2875 iude
273 2836 292 2873 a
313 2810 526 2873 Wernsderfie
554 2810 656 2871 denuo
688 2812 742 2871 uni
772 2810 940 2890 Calpurnio
960 2810 1112 2891 adscripta
1131 2824 1220 2887 sunt,
1256 2834 1313 2891 per

170 2917 293 2994 Vgeleti
315 2914 478 2977 editionem
499 2916 693 2975 Par-mensem
717 2936 819 2975 casum
840 2916 1025 2995 singularem
1045 2925 1134 2995 passa
1152 2928 1240 2990 sunt,
1268 2916 1311 2976 ite
1365 2905 1368 2909 ⁵

170 3032 205 3080 ut
226 3030 371 3101 quattuor
391 3017 560 3095 posteriora
587 3036 649 3077 nen
674 3016 845 3096 Calpurnii,
866 3016 919 3080 sed
940 3015 1114 3080 Nemesiani
1131 3019 1232 3091 illins,
1262 3020 1311 3077 cni

168 3134 284 3199 septem
313 3120 434 3199 reliqua
462 3115 599 3179 dedicata
627 3120 849 3199 perhibentur,
878 3142 942 3182 esse
970 3118 1168 3182 traderentur.
1220 3121 1311 3179 Hune

168 3230 244 3285 uero
264 3226 365 3283 lecum
383 3232 453 3299 post
474 3218 684 3281 Guidalottum
704 3219 754 3305 (in¹
766 3221 934 3283 Comment.
949 3221 987 3282 ad
999 3223 1173 3288 Nemesiani
1189 3223 1250 3283 Eel.
1261 3222 1310 3308 l.)‚

168 3325 300 3385 Vlitinm
320 3323 504 3405 (Comment.
519 3321 558 3383 sd
579 3324 752 3385 Nemesiani
775 3323 919 3405 Cyneget.
938 3326 1003 3386 init.
1025 3326 1101 3385 etin
1121 3328 1308 3405 praelatione

167 3424 207 3487 ad
233 3426 407 3487 Nemesiani
434 3422 590 3508 Eclegas),
620 3426 830 3485 Betrmannum
857 3423 904 3508 (in
933 3424 1121 3488 Praelatiene
1141 3425 1180 3487 ad
1201 3431 1306 3491 Poetes

166 3528 268 3590 Latin.
288 3525 434 3608 minores)
462 3526 694 3589 Wernsdorfins
722 3530 743 3590 l.
765 3552 793 3589 e.
819 3551 889 3609 pag.
908 3534 1036 3593 te-re.
1058 3542 1120 3591 tam
1147 3530 1308 3608 diligenter

166 3645 291 3713 tamque
309 3631 477 3690 luettlenter
496 3642 669 3709 persecutus
690 3643 744 3706 est,
764 3644 798 3691 ut
819 3632 923 3710 passeis
943 3631 1065 3693 adiectis
1086 3653 1202 3704 eorum,
1226 3652 1305 3713 quae
1379 3630 1384 3636 ’

165 3735 218 3793 ille
239 3732 422 3813 disputastit,
447 3752 597 3793 summam
625 3746 762 3810 repetere
782 3734 921 3794 sufficiat.
964 3734 990 3817 l)
1012 3735 1039 3796 A
1060 3747 1198 3795 ueterum
1219 3737 1306 3796 nullo

166 3834 322 3913 preditum
344 3847 388 3895 est
410 3836 583 3909 memoriae,
605 3836 820 3896 Nemesianmn
841 3837 982 3897 bucolica
1000 3836 1163 3913 scripsisse,
1183 3836 1220 3898 ei
1238 3840 1304 3899 Ve-

166 3941 238 4019 pisc.
258 3937 437 3999 Numerian.
460 3940 490 3997 9.
511 3958 567 3997 nec
585 3938 619 3997 iu
638 3922 704 3999 ulle
725 3936 827 3998 codice
855 3936 1030 3999 Nemesiani
1050 3936 1253 4018 Cynegetieen
1275 3956 1305 4002 et

164 4042 235 4102 illae
267 4050 413 4121 qudttuer
444 4036 570 4115 Eclegae
602 4042 759 4101 coniuncta
791 4040 993 4119 reperiuntur.
1046 4038 1087 4124 ll)
1108 4040 1205 4101 Medii
1234 4045 1303 4104 aeui

162 4143 334 4221 scriptores,
356 4135 468 4201 laceb.
483 4136 525 4201 de
539 4136 680 4201 Cerellio
697 4141 734 4203 ds
751 4144 833 4203 belle
850 4142 1005 4205 Scbaccice
1018 4144 1070 4203 lib.
1083 4144 1144 4203 llll.
1173 4137 1300 4204 trane·

167 4242 361 4307 Pclrcsrelra
383 4242 436 4303 lib.
462 4247 513 4306 38.
547 4241 666 4303 variar.
699 4246 785 4323 epist.
814 4246 908 4325 Epist.
937 4244 976 4306 ad
998 4245 1152 4305 Guilielm.
1184 4244 1222 4305 de
1245 4245 1301 4306 Pa·

150 4343 310 4426 ¹strengo,
334 4345 448 4408 Veron.
482 4341 532 4428 (cl.
563 4344 655 4407 Laur.
691 4346 852 4427 Pignerius
879 4347 985 4427 Symb.
1016 4346 1102 4425 epist.
1133 4347 1187 4427 Ep.
1215 4348 1300 4409 th.
