3067 4950
257 537 466 628 effecturus,
507 542 548 604 ut
588 532 677 604 liber
712 559 810 604 meus
851 535 895 603 sit
929 530 1027 623 talis,
1066 533 1127 628 qui
1160 557 1231 606 non
1260 530 1400 621 ducem,

257 653 319 724 sed
351 655 450 751 quasi
493 652 652 723 comitem
686 676 724 721 se
754 649 824 721 illis
844 651 989 741 oll'erat,
1028 662 1067 721 ut
1098 649 1287 747 deprimis
1317 654 1403 721 artis

256 773 396 843 criticae
432 769 627 867 praeceptis
650 793 716 838 usu
742 768 828 840 liant
856 771 1045 861 certiores,
1087 794 1156 866 qua
1185 770 1221 838 in
1253 793 1290 838 re
1317 793 1402 840 sane

255 889 443 960 uerendum
472 898 547 975 est,
580 911 623 956 ne
663 886 838 958 interdum
875 886 1022 960 abusum
1059 885 1318 983 deprehendant
1345 913 1401 956 er·

252 1006 458 1101 roribnsque
478 1029 499 1074 a
520 1028 574 1073 me
595 1004 787 1074 commissis
805 1005 848 1077 de
865 1008 1010 1078 ueritate
1029 1005 1250 1077 edoceantur.
1286 1003 1400 1099 Equi-

252 1124 330 1196 dem
356 1121 440 1219 quid
473 1123 547 1217 ipse
576 1121 784 1218 profecerim
818 1123 916 1196 hisce
947 1124 1070 1196 studiis
1102 1121 1191 1194 hene
1217 1120 1396 1219 intelligo:

251 1253 367 1312 utrum
414 1239 562 1312 aliorum
603 1264 743 1338 quoque
784 1241 908 1313 usibus
945 1269 966 1313 a
1001 1268 1055 1313 me
1096 1242 1142 1312 sit
1177 1251 1399 1336 prospectum

250 1382 373 1448 necne,
401 1356 526 1427 harum
563 1381 677 1426 rerum
693 1359 813 1453 peritis
831 1361 990 1457 relinquo
1011 1357 1284 1430 diiudicandum.
1325 1359 1398 1431 Ve-

251 1503 330 1547 rum
353 1502 423 1546 non
447 1471 674 1546 omittendum
700 1498 778 1544 esse
804 1477 953 1569 uidetur,
977 1490 1106 1575 quanta
1130 1476 1342 1574 benignitate
1361 1479 1398 1546 in
1502 1517 1507 1525 ·

252 1585 471 1694 congerenda
495 1591 664 1663 librorum
690 1595 810 1665 notitia
830 1596 998 1692 copiaque
1028 1595 1166 1666 adiutus
1188 1596 1266 1665 sim.
1312 1595 1396 1689 Hoc

247 1740 332 1786 uero
358 1711 437 1784 loco
463 1711 498 1780 in
524 1713 644 1806 primis
670 1713 904 1785 nominandus
926 1725 979 1785 est
1003 1711 1236 1804 Ritsobelios,
1259 1711 1308 1787 V.
1339 1713 1390 1783 l).

247 1857 341 1902 nunc
367 1829 554 1903 Professor
585 1829 799 1922 Bonnensis‚
833 1844 935 1903 antea
957 1830 1259 1920 Vratislauiensis‚
1294 1857 1395 1928 prae·

246 1963 366 2048 ceptor
402 1977 499 2025 meus
530 1945 817 2040 liberalissimus,
854 1953 952 2022 cuius
982 1976 1047 2048 ego
1084 1947 1253 2021 beneuola
1279 1951 1391 2021 inter·

245 2071 402 2141 cessione
433 2066 541 2137 libros
569 2067 902 2162 praestantissimos,
934 2093 1022 2165 quos
1048 2065 1259 2139 bibliotheca
1295 2070 1391 2164 regia

245 2190 419 2262 Saxonica
454 2183 667 2257 Dresdensis
694 2187 867 2276 eontinet,
907 2183 1125 2282 usurpandos
1156 2185 1289 2280 accepi.
1344 2183 1389 2254 ln

243 2293 312 2405 pua
340 2333 378 2378 re
413 2303 663 2376 Falbeastenio
699 2329 860 2400 quoque,
897 2301 991 2374 illins
1026 2301 1256 2375 bibliothecae
1289 2327 1389 2399 prae·

241 2424 334 2499 fecto
358 2447 516 2513 summo,
545 2446 609 2518 pro
634 2447 697 2493 sua
721 2448 804 2520 erga
828 2448 883 2494 me
908 2419 1143 2494 munificentia
1166 2424 1297 2521 gratias
1321 2447 1388 2519 ago

72 2624 75 2629 ⁵
242 2570 345 2643 quam
369 2543 549 2613 maximas.
603 2539 713 2611 Haud
738 2544 906 2611 minorem
933 2552 1046 2611 autem
1072 2540 1218 2637 gratiam
1243 2566 1297 2612 me
1327 2540 1387 2611 de-

119 2664 123 2669 ’
240 2662 323 2734 bere
349 2660 512 2759 profiteor
539 2658 704 2749 Mittere,
734 2660 783 2732 V.
808 2661 859 2729 Ι).
898 2656 1128 2729 bibliothecae
1153 2660 1288 2756 Regiae
1312 2659 1384 2729 Pa·

239 2782 395 2853 risiensis
443 2778 698 2867 conseruatori,
741 2801 807 2848 nec
850 2803 921 2847 non
960 2775 1006 2847 cl.
1036 2778 1081 2847 de
1115 2776 1382 2875 Eichenfelds‘m

238 2897 468 2969 bibliothecae
494 2894 674 2967 Palatinae
695 2896 905 2969 Viennensis
927 2895 1115 2991 praefecto,
1142 2897 1202 2992 qui
1219 2895 1384 2992 suppedi-

214 3008 319 3087 tatis
351 3013 509 3085 eodicum
540 3016 721 3109 scripturis
756 3038 812 3083 me
841 3012 1060 3083 adiuuerunt.
1115 3015 1202 3085 Pari
1230 3012 1382 3085 liberali·

237 3144 304 3209 tate
328 3130 558 3203 bibliothecae
585 3130 851 3228 Relrdigeranae
872 3128 953 3200 libri
982 3133 1205 3228 manuscripti
1228 3157 1249 3201 a
1288 3158 1380 3202 som·

238 3254 304 3324 mis
344 3250 384 3324 V
380 3248 589 3321 rotislmriae
625 3251 889 3346 magistratibus
916 3247 1000 3319 mihi
1025 3248 1068 3321 ad
1095 3250 1262 3322 utendum
1298 3274 1382 3321 eon-

239 3372 328 3443 eessi
355 3378 449 3439 sunt.
505 3368 584 3439 Hos
605 3392 748 3457 omnes,
776 3365 904 3465 quibus
929 3366 1143 3439 adiiciendus
1179 3379 1231 3441 est
1266 3368 1381 3441 Wat-
1513 3367 1514 3380 ¹

237 3490 325 3579 zius,
354 3487 403 3559 V.
431 3483 481 3555 Ι).
511 3484 614 3555 Prol'.
644 3484 903 3583 Tubingensis,
940 3512 961 3556 a
987 3511 1042 3557 me
1075 3486 1118 3558 de
1142 3487 1267 3557 amisso
1293 3501 1387 3582 quot
1512 3481 1513 3574 l

164 3610 213 3695 Q
237 3606 316 3676 dam
344 3603 464 3676 codiee
490 3602 683 3694 consultus,
713 3615 813 3699 grato
839 3630 893 3675 me
917 3606 1031 3676 animo
1053 3628 1190 3700 semper
1215 3626 1380 3700 prosecu-

235 3736 351 3794 turum
377 3746 452 3793 esse
474 3716 641 3815 spondeo.
695 3718 745 3790 Et
767 3718 854 3792 haeo
880 3722 1019 3818 quidem
1045 3722 1199 3812 suerunt,
1228 3723 1379 3817 quaein
1510 3675 1513 3762 l

236 3842 435 3913 uniuersum
460 3837 503 3908 dc
528 3837 594 3908 hac
619 3864 693 3909 mea
716 3836 865 3912 editione
887 3837 993 3909 habui
1015 3837 1259 3937 praedicanda.
1510 3871 1512 3950 p

337 3954 542 4051 Scribebam
571 3956 803 4031 Vratislauiae
833 3955 911 4029 Cal.
939 3958 1080 4028 Ianuar.
1110 3982 1374 4029 cmmcccxxxxr.
1508 3973 1511 4138 Ι

1022 4074 1235 4156 ,Glaeser

879 4190 1018 4264 Gymnasii
1044 4193 1108 4262 Reg.
1140 4193 1275 4249 Frederic.
1302 4196 1375 4265 quod

911 4281 1086 4337 Vratislauise
1101 4292 1148 4349 est,
1172 4292 1339 4355 praeceptor.

630 4408 969 4435 ....,...,,,,,...,,
