3067 4950
241 542 303 602 150
316 545 384 620 sqq'.
404 537 484 612 VIII,
498 539 548 598 82.
590 536 709 598 Etenim
727 537 787 596 ltoc
808 555 935 614 magnae
955 549 1000 598 est
1020 550 1112 620 atque
1133 535 1273 600 assiduae
1295 561 1385 602 exer·

239 643 388 704 citationis
414 643 620 720 repetitaeque
646 639 800 713 lectionis,
836 659 929 721 quam
950 640 1009 700 nisi
1037 640 1134 705 libere
1155 644 1386 726 liberaliterque

241 745 400 820 edumtus,
431 745 487 804 uix
507 743 619 822 aliquis
643 762 679 804 eo
710 762 788 802 aeuo
809 745 955 824 consequi
977 745 1086 822 potuit.
1129 743 1220 808 Unde
1242 743 1279 806 tle
1300 747 1385 807 uitae

238 847 411 910 conditione
438 849 476 908 ab
503 846 592 906 initio
613 859 674 907 tam
697 846 790 924 inope
810 858 935 928 tamque
965 847 1076 906 humili
1097 850 1193 909 multa
1214 871 1232 910 a
1254 847 1386 929 Calpur·

239 953 291 1012 nio
312 951 380 1012 ficta
409 970 486 1020 esse,
516 967 629 1029 eosque
657 951 689 1008 in
720 969 854 1010 errorem
879 946 1018 1010 inductos
1038 963 1133 1029 puto,
1167 950 1222 1030 qui
1249 951 1311 1012 illis
1333 949 1387 1010 dc.

236 1035 465 1133 scriptionibus·
484 1051 575 1128 plane
595 1048 686 1111 fidem
708 1052 892 1114 habuerunt.
935 1050 1106 1114 Fatendum
1127 1065 1229 1113 autem
1250 1066 1296 1114 est
1313 1075 1388 1114 can-

238 1155 328 1230 dide,
350 1173 405 1214 nos
428 1150 465 1212 de
487 1151 536 1212 liis
558 1153 650 1212 rebus
683 1153 762 1212 nibil
791 1152 882 1228 scire,
911 1174 1011 1236 neque
1041 1154 1116 1214 scire
1136 1173 1234 1232 posse.
1276 1155 1387 1236 Neque

237 1256 276 1320 de
298 1255 459 1336 Calpurnii
479 1266 593 1329 aetate,
622 1275 685 1334 qua
714 1254 865 1331 floruerit,
894 1258 997 1316 nullus
1031 1253 1214 1317 dubitationi
1233 1259 1317 1319 locus
1336 1249 1388 1317 re-‘

238 1363 327 1424 lictus
349 1373 402 1421 est.
445 1359 525 1420 Sane
542 1354 663 1416 ridiculi
684 1370 755 1418 suut
776 1357 936 1418 Ascensius
950 1371 978 1419 et
996 1357 1190 1422 Guidalottus
1208 1381 1276 1420 cum
1295 1361 1388 1421 Bras-

237 1467 355 1537 sieano,
385 1461 439 1542 qui
462 1459 500 1520 de
520 1460 650 1536 Augusti
681 1479 757 1521 aeuo
780 1460 979 1522 somniabant.
1022 1460 1178 1524 Aduersus
1200 1465 1257 1526 bos
1280 1451 1410 1525 Petrus¹

240 1567 377 1628 Crinitus
399 1563 436 1624 de
473 1563 574 1623 Poetis
603 1562 670 1622 Lat.
698 1563 751 1622 lib.
767 1561 809 1636 V,
838 1584 861 1621 c
879 1565 930 1624 81.
960 1561 1161 1642 Calpurnium
1183 1567 1241 1625 sub
1264 1567 1388 1626 Diocle·

238 1671 322 1730 tiano
343 1679 373 1731 et
401 1664 578 1726 Constantio
601 1664 714 1724 uixisse
735 1661 897 1724 contendit.
940 1664 1070 1724 Plurimi
1092 1686 1184 1741 uero,
1216 1680 1246 1727 et
1267 1668 1299 1727 in
1320 1669 1387 1747 pri·

238 1773 297 1834 mis
329 1765 525 1830 Wernsdorf.
555 1764 758 1846 Calpurnium
791 1764 885 1841 Caro,
916 1764 1028 1826 Carino
1058 1781 1087 1831 et
1115 1769 1303 1830 Numeriano
1325 1771 1386 1831 im-

237 1868 602 1954 perentibus(281-285.
620 1891 651 1950 p.
669 1868 743 1930 Chr.
758 1865 804 1951 n.)
823 1868 939 1930 suxisse
965 1867 1165 1946 affirmarunt,
1185 1873 1221 1932 cl.
1236 1869 1385 1934 Wernsd.

239 1979 260 2038 l.
275 1999 302 2038 a.
324 1998 355 2054 p.
369 1977 494 2036 12-14.
516 1985 545 2032 et
565 1971 692 2049 Argunt.
716 1968 755 2030 ad
777 1972 839 2031 Ecl.
859 1971 882 2031 I.
902 1971 956 2030 IV.
975 1971 1065 2032 vlt<
1088 1973 1188 2034 Aliam
1209 1975 1386 2053 opinIonem

237 2077 398 2158 proposuit
431 2074 558 2152 Sarpius
591 2069 713 2146 Quaest.
747 2072 856 2150 philol.
888 2092 918 2150 p.
934 2073 986 2133 47.
1019 2069 1118 2155 (murts
1149 2075 1247 2135 libelli
1266 2077 1386 2156 copiam

239 2181 317 2244 mihi
337 2189 399 2239 non
432 2179 539 2238 iactam
564 2195 627 2234 esse
658 2194 748 2252 aegro
778 2169 874 2256 lero),
906 2173 963 2253 qui
990 2193 1053 2235 non
1076 2175 1278 2256 Calpurnium
1299 2179 1386 2242 Sicu-

238 2286 314 2358 lnm,
335 2278 387 2342 sed
407 2277 607 2358 Calpurnium
630 2275 796 2338 Serranum
817 2277 969 2357 aliquem,
989 2278 1129 2359 alioquin
1150 2301 1277 2359 prorsus
1296 2282 1386 2360 igno·

239 2401 323 2462 tum,
362 2381 490 2445 Claudio
529 2381 696 2460 imperante
729 2381 798 2441 illas
840 2379 964 2457 Eclogas
991 2383 1195 2461 composuisse
1220 2380 1385 2444 contendit.

239 2487 388 2572 Equidem
420 2487 534 2566 quibus
572 2484 757 2561 argumentis
806 2495 962 2561 permotus
1005 2484 1131 2564 Sarpius
1171 2486 1215 2546 ita
1248 2488 1387 2565 statuerit

240 2593 356 2653 nescio:
385 2590 443 2649 boc
472 2607 546 2647 uero
576 2597 708 2662 constat,
737 2607 773 2647 ea
800 2606 861 2647 nou
896 2606 934 2645 ex
961 2587 1030 2647 aliis
1052 2588 1248 2664 testimoniis,
1279 2602 1385 2669 utpote

240 2716 318 2778 quae
339 2713 394 2755 nos
415 2692 504 2771 plane
526 2686 673 2765 deficiant,
693 2691 790 2770 petita
812 2708 875 2749 esse
895 2708 998 2767 posse,
1022 2687 1075 2750 sed
1098 2710 1137 2751 ex
1157 2691 1232 2771 ipsis
1253 2691 1384 2771 Calpur·

239 2798 284 2862 nii
311 2794 437 2873 Eclogis.
486 2791 604 2853 Verum
633 2804 734 2853 tamen
767 2791 824 2872 qui
858 2789 1058 2869 Calpurnium
1089 2804 1169 2853 recte
1196 2795 1384 2872 cognouerit,

173 2970 179 2985 ι
239 2900 336 2959 lacere
356 2917 417 2959 non
438 2896 564 2975 poterit,
586 2896 662 2976 quin
684 2915 753 2955 eum
775 2916 793 2955 a
814 2896 944 2969 saeculo,
965 2891 1050 2975 quod
1069 2905 1178 2955 uocant
1198 2908 1384 2973 argenteum,

239 3004 329 3081 plane
351 3000 484 3059 alienum
505 3017 568 3057 esse
599 2997 723 3071 sentiat,
754 3016 855 3075 neque
882 2994 1010 3072 Saepius
1029 2994 1276 3057 animaduertisse
1298 2996 1384 3058 uide-

240 3119 301 3179 tur,
322 3100 462 3174 Statium,
483 3098 539 3179 qui
559 3109 627 3177 post
645 3093 810 3158 Claudium
829 3095 943 3170 floruit,
966 3095 1010 3155 eis
1029 3092 1292 3159 adnumerandum
1310 3120 1385 3173 esse,

240 3226 319 3289 quos
343 3200 528 3282 Calpurnius
555 3200 690 3264 imitatus
723 3211 783 3272 est,
812 3197 850 3258 ct.
876 3211 997 3277 praeter
1020 3201 1081 3261 alia
1100 3200 1174 3263 Stat.
1197 3202 1297 3262 Theb.
1315 3201 1385 3261 XII.

241 3322 316 3372 extr.
342 3349 378 3382 ,,.
400 3348 409 3367 .
431 3348 471 3365 ..
505 3305 566 3365 iam
595 3316 673 3368 certe
707 3322 850 3383 praesens
880 3302 939 3363 tibi
973 3303 1053 3364 sama
1083 3305 1248 3385 benignum
1276 3305 1386 3365 strauit

239 3414 298 3474 iter
318 3452 482 3472 ......
504 3408 619 3490 siquis
647 3404 748 3469 adhuc
780 3402 951 3487 praetendit
979 3405 1086 3467 nubila
1106 3407 1221 3481 liuor”‚
1242 3418 1270 3465 et
1295 3404 1383 3483 Calp.

241 3516 301 3577 Ecl.
322 3512 410 3585 VIII,
432 3513 475 3571 84
495 3529 541 3591 eq.
600 3510 760 3591 „Namque
788 3508 840 3569 bie
869 3507 902 3568 in
930 3508 1016 3570 siluis
1044 3529 1186 3586 praesens
1212 3508 1269 3569 tibi
1303 3507 1384 3567 saum

242 3616 407 3693 benignum
436 3612 543 3673 strauit
569 3612 641 3687 iter,
674 3619 827 3690 rumpens
849 3610 957 3671 liuoris
984 3611 1092 3671 nubila
1116 3611 1251 3691 pennis”.
1293 3607 1385 3682 Quod

240 3720 266 3781 si
288 3715 424 3799 quidex
451 3716 500 3777 his
530 3716 671 3793 colligere
701 3715 786 3788 licet,
813 3713 915 3793 Sarpii
945 3715 1121 3792 opinionem
1151 3711 1385 3794 improbandam

241 3840 304 3881 esse
325 3840 415 3881 nemo
436 3838 497 3879 non
519 3815 613 3879 uidet.
656 3813 715 3880 Sed
743 3817 934 3896 reliquorum
969 3831 1093 3896 quoque
1121 3816 1258 3876 uirorum
1280 3812 1386 3889 docto·r

240 3942 312 3983 rum
332 3922 480 3983 sententia
502 3941 610 3983 uereor
636 3940 676 3982 ne
697 3916 863 3979 admodum
894 3916 1016 3977 infirmo
1042 3918 1157 3979 nitatur
1178 3916 1385 3979 fundamento.

242 4020 319 4098 Quis
341 4023 422 4083 enim
444 4020 617 4099 dubitabit,
650 4022 726 4104 quin
747 4019 933 4100 Calpurnius
955 4033 1058 4098 aperte
1078 4035 1197 4101 patrem
1216 4041 1284 4081 cum
1307 4019 1386 4083 duo-

240 4127 299 4187 bus
319 4122 390 4185 filiis
409 4126 607 4205 imperantem
628 4118 863 4203 significatrerit?
886 4122 986 4182 nibilo
1017 4136 1118 4184 tamen
1146 4124 1248 4186 minus
1276 4143 1314 4184 ue
1336 4124 1385 4183 ul·

240 4228 306 4289 tum
328 4224 453 4307 quidem
474 4225 567 4287 buius
587 4225 632 4285 rei
653 4225 816 4303 uestigium
838 4235 944 4299 exstat,
964 4224 1060 4283 immo
1080 4222 1104 4282 ii
1123 4242 1239 4298 uersus,
1259 4225 1291 4285 in
1314 4227 1386 4306 qui-

241 4329 300 4390 bus
320 4329 404 4393 illius
423 4328 616 4407 ImperatorIs
634 4326 668 4390 fit
688 4329 813 4403 mentio,
841 4338 946 4387 contra
967 4324 1096 4399 iaciunt,
1124 4326 1173 4388 eff.
1195 4327 1256 4387 Ecl.
1277 4328 1300 4401 l,
1323 4332 1384 4389 43:

242 4433 298 4508 „m
319 4429 397 4494 redit
418 4427 456 4492 ad
477 4443 571 4495 terras
599 4428 720 4495 tandem
738 4432 885 4512 squalore
907 4430 1034 4511 situque
1067 4430 1159 4491 Alma
1178 4430 1305 4491 Themis
1326 4450 1385 4510 po·
