3067 4950
215 460 317 536 tione,
352 472 383 522 et
411 481 490 544 quse
519 479 585 524 eam
617 475 735 526 secutas
763 475 854 540 sunt,
884 463 1034 548 quaedam
1065 487 1106 530 ex
1127 463 1363 545 interpolatione

215 576 287 626 sunt
306 563 450 645 profecta,
470 576 571 628 tamen
592 565 633 626 ob
654 566 729 628 isaeo
749 582 815 626 non
833 568 937 628 omnia
957 567 1057 630 statim
1076 564 1245 630 abiicienda
1259 569 1364 644 fuisse,

215 665 347 728 aliorum
367 668 518 730 librorum
550 669 700 751 scriptura
726 667 896 732 edocemur.
940 668 1048 734 Codex
1070 670 1152 732 enim
1173 668 1364 748 Rebdigers·

216 788 275 829 nus
295 768 460 847 secundus,
489 772 523 832 in
544 793 607 854 quo
636 791 740 835 omnes
752 773 816 834 ·Xl.
837 772 964 851 Eclogae
985 771 1155 853 Calpurnio
1174 773 1365 847 tribuuntur,

217 870 391 934 Nemesiani
412 891 523 935 nomen
545 875 671 936 exhibet
682 915 691 949 ,
720 887 751 938 st
777 876 810 936 in
838 877 922 938 hunc
941 873 1069 937 modum
1099 877 1226 940 fortasse
1245 877 1279 938 in
1300 893 1364 936 amo

216 974 351 1035 alteroue
365 972 466 1036 codice
478 970 538 1058 (uti
557 975 591 1034 in
611 975 807 1037 Doruilliano
823 973 948 1060 quarto)
969 977 1114 1058 scriptum
1135 988 1188 1039 est.
1230 977 1364 1040 Wsrns·
1395 1010 1403 1023 ·

218 1072 297 1138 dori.
318 1075 445 1158 quidem
464 1076 643 1140 huiusmodi
663 1079 778 1140 librum
799 1079 841 1141 ob
861 1081 965 1142 oculos
993 1099 1056 1140 non
1077 1080 1206 1157 babuit,
1239 1075 1294 1142 sed
1313 1079 1363 1139 ni-

216 1178 283 1240 tito
303 1179 404 1242 minus
435 1180 464 1241 ei
485 1179 584 1241 cautio
603 1176 778 1242 adhibenda
810 1193 884 1244 erat.
926 1181 998 1244 Sese
1018 1193 1122 1242 autem
1148 1181 1184 1242 in
1207 1199 1244 1242 oo
1275 1180 1364 1242 fefel-

216 1280 262 1358 lit,
284 1279 368 1364 quod
390 1301 458 1342 cum
479 1283 609 1344 alterum
625 1280 729 1344 fictum
751 1303 815 1344 esse
836 1283 897 1345 sibi
908 1284 1117 1364 persuasisset,
1136 1280 1211 1345 inde
1230 1284 1361 1346 alterum

217 1405 343 1468 quoque
370 1383 430 1446 fide
459 1406 561 1446 carere
590 1396 719 1464 putarer.
772 1381 864 1459 Quod
893 1406 963 1446 cum
986 1387 1031 1447 ita
1050 1385 1104 1462 sit,
1131 1381 1298 1446 admodum
1317 1396 1365 1448 est

216 1487 430 1563 memorabile,
474 1475 722 1549 Wernsdorfium
749 1488 860 1550 reiecta
891 1489 1081 1571 antiquitatis
1111 1488 1259 1549 memoria
1289 1486 1364 1550 alias

217 1609 276 1665 res,
297 1592 388 1670 plane
408 1587 449 1652 ad
475 1588 557 1652 idem
586 1586 764 1666 redeuntes,
796 1591 981 1669 excogitante
1008 1610 1180 1672 magnaque
1209 1588 1364 1652 doctrinae

136 1740 138 1744 Α
218 1691 305 1772 copia
342 1691 532 1755 instruxisse.
583 1691 704 1754 Etenim
734 1712 794 1772 pro
822 1692 1019 1766 Nemesiano,
1050 1689 1186 1754 eiusdem
1216 1693 1364 1773 temporis

218 1797 300 1858 claro
320 1807 410 1878 poeta
431 1792 482 1879 (cf.
504 1795 630 1874 Vopisci
650 1793 829 1858 Numeriam
843 1792 898 1878 9.),
920 1794 975 1876 qui
996 1815 1065 1856 cum
1085 1795 1274 1857 Numeriano
1292 1797 1364 1874 ipso

158 1979 160 1984 Ι
219 1902 346 1960 multam
375 1899 485 1962 babuit
518 1895 783 1976 consuetudinem,
814 1899 938 1960 lunium
973 1900 1176 1961 Tiberianam
1202 1901 1364 1982 supposuit

218 2014 365 2085 tanquam
387 2001 548 2082 Calpurnii
574 2003 741 2077 fautorem,
775 2002 878 2062 uirum
899 1999 1006 2064 εοᾶειη
1036 2022 1113 2064 aeuo
1140 2003 1365 2081 magistratibus

220 2104 347 2165 sttmmis
368 2118 566 2182 exornatum,
587 2104 704 2187 quippe
725 2105 847 2187 quibis
868 2107 974 2166 consul
995 2118 1025 2167 et
1045 2119 1201 2185 praeterea
1221 2105 1366 2184 magister

221 2205 391 2268 officiorum
411 2205 512 2268 fuerit
555 2205 617 2268 Sed
637 2207 695 2267 uix
714 2203 774 2266 dici
799 2215 916 2286 potest,
945 2220 1136 2288 quantopere
1155 2208 1213 2268 lanc
1232 2208 1367 2268 Werns·

221 2305 312 2370 dorfii
332 2311 449 2371 ratione
471 2310 573 2372 omnia
598 2309 659 2372 sint
679 2329 834 2390 peruersa.
878 2306 962 2383 Quid
983 2309 1064 2370 enim
1085 2332 1125 2372 ex
1146 2323 1209 2372 tota
1229 2311 1282 2371 illa
1303 2307 1368 2372 dis·

220 2412 377 2491 putatione
411 2411 445 2498 (l.
468 2435 496 2476 a.
527 2434 596 2494 pag.
615 2408 735 2496 7-11.)
765 2408 923 2475 efficitur?
966 2411 1131 2476 Enimuero
1163 2433 1262 2475 meras
1294 2431 1369 2475 oon·.

221 2514 352 2579 iacturas
373 2517 463 2579 nobis
483 2517 658 2596 proposuit,
689 2536 790 2598 neque
810 2515 946 2577 animum
977 2511 1106 2577 attendit
1125 2513 1368 2590 Wernsdoriius,

224 2638 272 2692 ea,
294 2639 374 2705 quae
395 2640 434 2679 ex
455 2617 521 2698 ipsa
541 2619 723 2701 antiquitate
744 2616 783 2679 ad
802 2638 857 2679 nos
879 2629 1094 2698 peruenerunt,
1114 2617 1176 2678 nisi
1194 2619 1286 2698 plano
1305 2617 1368 2679 sint

222 2721 342 2784 inutilia
362 2733 391 2784 et
413 2721 508 2798 falsa,
541 2723 642 2802 pluris
669 2742 732 2783 esse
752 2717 911 2797 iacienda,
942 2741 1037 2802 quam
1068 2721 1199 2800 optimas
1217 2720 1389 2782 conicum·

222 2843 280 2887 ras.
323 2824 477 2886 Habemus
500 2838 619 2902 autem,
640 2824 686 2885 uti
707 2822 771 2883 iam
792 2822 964 2903 expositum
990 2833 1052 2898 est,
1080 2819 1259 2884 huiusmodi
1279 2822 1370 2903 quasi

222 2927 380 3004 riuulum,
409 2948 472 3010 quo
500 2926 539 2989 ad
566 2926 758 3007 probabilem
781 2927 874 2988 btrius
901 2925 948 2987 rei
969 2924 1203 3004 explicationem
1224 2922 1369 3005 progredi

223 3050 400 3111 possumus,
420 3029 449 3091 si
474 3030 513 3090 sb
535 3031 602 3091 aliis
632 3030 734 3111 iisque
762 3030 851 3091 bonis
882 3029 971 3089 libris
999 3029 1055 3087 illa
1081 3026 1239 3108 inscriptio
1261 3028 1370 3089 confir-

224 3145 306 3195 mata
327 3133 427 3195 fuerit.
470 3128 621 3214 Equidem
641 3131 859 3207 Nemesiauum
888 3132 980 3191 illum
1009 3125 1202 3190 retinendum
1222 3130 1282 3191 hoo
1301 3131 1370 3193 looo

225 3256 348 3313 censeo,
378 3255 441 3317 quo
468 3247 570 3296 tamen
590 3254 787 3317 nequaquam
820 3233 962 3295 effectum
989 3231 1080 3308 uolo,
1109 3231 1194 3292 bunc
1213 3230 1370 3294 Nemesia-

225 3339 300 3399 num
321 3350 351 3400 et
370 3337 532 3399 Aurelium
562 3333 741 3418 Olympium
763 3336 994 3410 Nemesianum,
1026 3332 1083 3415 qui
1106 3325 1290 3410 dissociari,
1308 3357 1369 3399 κυ-

227 3437 384 3523 rqyssmu'
406 3453 437 3502 et
456 3428 602 3507 rauctua'
620 3440 756 3519 scripsit,
776 3440 842 3501 sine
863 3440 927 3500 ulla
948 3433 1137 3497 dubitatione
1157 3451 1216 3509 pro
1237 3452 1299 3496 uno
1318 3455 1371 3495 eo-

225 3543 357 3625 demque
377 3541 553 3605 babeodnm
574 3562 646 3604 esse.
689 3539 749 3603 Sed
772 3539 940 3615 uideamus,
960 3560 1022 3623 qua
1043 3538 1094 3599 uia
1115 3533 1310 3597 Wernsdorf.
1330 3533 1373 3596 ad

224 3649 307 3708 hunc
327 3646 419 3707 finem
439 3644 622 3728 peruenerit.
663 3644 770 3705 Iunius
797 3642 981 3722 Calpurnius
1007 3663 1056 3721 ap.
1084 3639 1255 3719 Vopiscum
1282 3638 1373 3701 tacita

131 3739 134 3743 ⁵
224 3768 283 3827 pro
313 3747 482 3828 Calpurnio
507 3747 609 3809 Siculo
644 3744 794 3819 sumitur,
837 3763 900 3825 quo
929 3743 1001 3803 Cari
1029 3740 1194 3821 imperium
1224 3739 1378 3803 efficitur:'

224 3850 434 3927 Nemesianus,
455 3847 590 3913 eiusdem
611 3847 726 3923 aetatis,
748 3846 907 3922 relicitur,
926 3864 1019 3929 quem
1039 3844 1101 3924 ipsi
1121 3843 1283 3925 Calpurnii
1303 3842 1373 3905 fon·

226 3966 271 4015 tes
292 3952 404 4032 partim
425 3950 573 4013 afferunt:
596 3963 701 4013 eontra
721 3969 831 4025 nouus,
851 3950 942 4029 plane
963 3970 981 4007 a
1001 3948 1088 4009 nulla
1111 3969 1154 4022 re,
1176 3946 1236 4007 nisi
1257 3944 1373 4007 extrin-

227 4075 312 4119 secus
338 4051 527 4133 deprompta,
536 4048 775 4115 conrmsudatus
795 4051 898 4111 fautor
915 4048 1085 4130 Calpurnio
1104 4046 1290 4126 imponitur,
1316 4046 1374 4128 qui

224 4175 325 4222 tamen
347 4157 443 4237 magis
463 4153 503 4217 ad
524 4168 651 4217 aetatem
672 4166 850 4237 sequentem
864 4166 915 4215 est
937 4150 1137 4233 ablegandus:
1159 4169 1232 4209 nam
1252 4170 1280 4209 a.
1298 4152 1373 4211 303.

223 4284 253 4341 p.
276 4260 350 4323 Chr.
373 4280 402 4321 n.
435 4259 487 4321 ille
515 4257 622 4319 Iunius
650 4258 835 4319 Tiberianus
856 4256 937 4317 inter
957 4255 1126 4317 Praefectos
1146 4252 1229 4313 Vrbi
1250 4272 1374 4330 compa·

223 4375 286 4438 ret,
314 4362 360 4425 uti
389 4357 586 4423 Wernsdorf.
613 4358 679 4439 ipse
707 4357 935 4424 demonstrauit.
985 4356 1022 4419 Et
1051 4372 1143 4438 quam
1174 4368 1245 4434 apte
1268 4350 1372 4414 onmia
