3067 4950
649 317 936 389 κη...

187 523 192 533 ’
230 517 275 564 011
299 501 406 565 editio
426 497 600 564 ⁴Romanu
633 525 657 565 s.
687 505 707 565 l.
730 516 760 566 et
788 527 816 565 a.
846 502 927 587 (urm
950 506 1020 568 stttt
1047 509 1143 571 Italici
1170 508 1218 571 ed.
1239 531 1286 592 pn
1310 516 1376 592 ple·

225 620 358 684 rumque
379 605 546 681 coniuncta,
575 625 655 686 quae
668 601 795 685 ,prodiit
812 605 929 668 Romae
950 612 1044 670 1471.
1059 611 1088 672 ’1.
1112 632 1162 691 ap.
1183 613 1376 677 Sweinheim

227 720 257 768 et
278 703 440 790 Pannartz)
474 710 526 770 15.
560 707 724 769 foliorum:
752 710 861 769 collata
887 723 933 771 eat
959 711 1000 770 ab
1036 713 1152 789 Vlitio,
1179 715 1374 796 Burmanno,

228 829 284 886 ego
312 827 437 891 queque
467 829 533 870 eam
560 831 600 870 cx
627 811 819 872 Bibliotheca
849 813 924 892 Bag.
951 811 1061 874 Drcad.
1088 815 1234 877 utendam
1261 822 1375 898 accepi.

225 913 319 973 Plane
340 909 379 970 ad
401 907 550 985 codicem,
580 929 712 994 eumque
732 933 795 974 non
817 914 916 976 bonae
936 928 1027 976 notae
1046 937 1190 998 expressa
1211 933 1272 980 0111
1302 941 1376 980 con·

226 1015 315 1076 sentit
336 1026 437 1075 autern
458 1011 491 1073 in
512 1013 654 1092 plurimis
675 1015 835 1095 scripturis
866 1038 935 1079 cum
957 1017 1023 1080 cdd.
1045 1019 1136 1081 Voss.
1160 1022 1253 1082 Goth.
1274 1021 1375 1084 Rehd.

226 1122 256 1178 1.
277 1119 341 1178 Pal.
362 1153 404 1166 --
428 1113 639 1198 Colphurnis'
659 1114 865 1180 Bucolicum
901 1139 1041 1182 carmen
1063 1143 1091 1182 a.
1114 1125 1207 1184 1472.
1228 1124 1375 1184 f.Vene·

225 1221 276 1282 tiis
298 1217 414 1282 editum
437 1230 480 1278 est
502 1237 564 1278 una
585 1239 654 1278 cum
672 1219 803 1280 Ausonii
823 1220 1066 1301 Epigrammetis,
1088 1226 1206 1285 Probae
1227 1224 1374 1298 Centone,

225 1321 332 1387 Ouidii
356 1321 580 1394 Consolatione,
601 1332 630 1382 et
650 1321 739 1382 Publ.
763 1323 854 1401 Greg.
875 1325 1028 1404 Tipberni
1047 1327 1197 1407 Hymnie,
1218 1327 1256 1387 01.
1278 1328 1374 1389 Mait-

225 1429 294 1489 tair.
315 1425 436 1507 Annali
448 1422 602 1503 typam-l·
621 1443 655 1500 Ρ.
673 1423 735 1483 387
757 1420 820 1506 (ed.
832 1423 884 1508 Π.)
906 1427 1008 1488 Ebert.
1029 1429 1111 1488 Bihl.
1132 1429 1209 1489 Lex.
1231 1433 1371 1491 113362.

181 1566 183 1575 ,
224 1528 274 1590 De
302 1527 366 1588 eius
391 1525 491 1604 pretio
520 1543 582 1585 non
611 1537 735 1586 constat.
785 1527 926 1589 Fortasse
960 1551 1000 1591 ex
1031 1552 1067 1591 ea
1096 1552 1194 1610 pauca
1221 1530 1372 1613 quaedam

223 1630 353 1710 protulit
374 1625 544 1688 Doruillius
565 1625 599 1685 in
619 1627 777 1707 Excetptis
796 1630 881 1707 suis,
909 1631 1081 1692 Burmanni
1101 1635 1186 1695 Poet.
1207 1633 1275 1695 Lat.
1296 1635 1371 1694 min.

224 1735 247 1794 1.
270 1745 347 1793 extr.
368 1728 508 1790 adiectis:
528 1728 573 1789 ibi
594 1730 675 1789 enim
697 1732 864 1810 scripturae
882 1753 940 1811 per
956 1732 1170 1812 compendium
1184 1733 1268 1799 Αἶά.
1291 1735 1369 1795 affe·

225 1849 353 1909 runtur,
383 1852 461 1914 qttae
489 1843 591 1894 tamen
619 1851 687 1891 cum
713 1845 823 1894 neutra
849 1821 922 1895 edit.
952 1833 1065 1896 Aldina
1096 1838 1302 1912 consentiunt,
1332 1837 1370 1897 ci.

225 1936 408 2020 Disquisitio
429 1955 496 2016 sqq.
527 1956 559 2016 p.
580 1935 609 1995 5.
626 1937 656 1994 6.
690 1965 732 1984 ·-
762 1937 850 1997 illam
870 1933 924 1997 ed.
946 1935 1097 2000 Venetam
1125 1941 1285 2019 repetitam
1305 1959 1371 2000 esse

224 2066 251 2104 a.
275 2045 369 2102 1494.
391 2039 480 2100 affert
500 2037 639 2116 Wagner
658 2037 825 2100 Grundrise
846 2037 877 2098 d.
893 2041 977 2100 class.
999 2040 1230 2122 bibliographie
1249 2063 1282 2122 p.
1295 2047 1369 2105 351.

196 2161 200 2168 ’
225 2179 268 2195 -
290 2146 394 2226 [Recte
414 2142 446 2201 in
468 2139 688 2203 dubitationem
709 2142 831 2202 uocauit
850 2139 1047 2205 Wernsdorl.
1067 2141 1254 2204 editionem
1276 2143 1369 2206 Pur·

224 2265 375 2328 mensem
398 2247 490 2306 1478.
502 2251 533 2306 4.
554 2263 648 2326 quam
667 2243 759 2305 offert
778 2243 925 2306 Maittair.
939 2245 1050 2306 Annal.
1070 2258 1195 2326 typogr.
1209 2246 1232 2306 l.
1252 2267 1284 2325 p.
1295 2248 1369 2309 387.

224 2351 308 2412 Haec
340 2371 359 2409 a
388 2347 527 2411 Fabricio
548 2359 695 2430 tanquam
718 2344 789 2406 edit.
811 2367 858 2426 pr.
881 2361 1155 2410 commemoratur:
1186 2347 1254 2407 eina
1272 2346 1369 2410 dubio

225 2471 266 2513 ex
285 2469 388 2513 errore
407 2451 482 2511 haec
502 2448 649 2528 originem
671 2446 784 2529 duxit]
806 2482 849 2497 -
876 2447 952 2512 'litt'
970 2449 1006 2515 C.
1024 2449 1060 2513 S.
1079 2447 1200 2514 Bucol.
1220 2449 1368 2513 Carmen

226 2550 449 2617 Douentrine
471 2554 565 2612 1491.
586 2558 617 2611 4.
646 2551 791 2612 loliorum
813 2554 865 2613 20.
897 2552 1093 2615 Wernedorf.
1126 2572 1194 2613 eam
1222 2552 1367 2613 contulit:

226 2658 259 2719 in
282 2657 340 2716 hec
359 2670 466 2714 uersus
485 2653 627 2713 nonnulli
653 2652 781 2714 fortasse
802 2673 842 2711 ex
869 2650 938 2713 cdd.
970 2653 1123 2715 immutati
1141 2666 1230 2729 sunt,
1263 2654 1368 2733 plures

227 2780 267 2821 ex
287 2747 458 2820 coniectura
477 2757 583 2819 tentati
605 2753 759 2819 uidentur.
800 2756 922 2839 Nequex
937 2778 1012 2819 uere
1038 2760 1132 2819 huirte
1152 2756 1201 2819 ed.
1220 2768 1304 2818 tanta
1325 2766 1369 2815 eet

227 2860 382 2925 consensio
410 2880 479 2921 cum
508 2858 555 2920 ed.
583 2860 673 2922 Rom.
705 2872 851 2943 quantam
872 2860 1067 2925 Wernsdorf.
1095 2862 1176 2923 inter
1205 2873 1368 2940 utramque

175 3030 179 3033 ,
227 2962 412 3027 intercedere
439 2963 569 3042 putauit.
590 2992 631 3011 -
661 2960 775 3023 Eadem
808 2964 872 3023 fere
894 2966 1002 3040 *valent
1035 2963 1074 3023 de
1094 2964 1159 3024 eius
1179 2962 1369 3041 repetitione,

227 3060 455 3128 Dnuantriue
485 3058 563 3145 (eie)
591 3082 614 3123 1.
635 3082 663 3124 a.
694 3068 725 3123 4.
748 3065 842 3126 Goth.
863 3064 928 3125 foll.
950 3068 1001 3125 24.
1021 3066 1118 3147 quam
1146 3064 1213 3143 ipsc
1233 3064 1367 3125 contulit

226 3188 300 3229 uere
320 3165 488 3245 auspicatus
516 3178 561 3229 est
589 3166 784 3229 Wernsdorf.
812 3188 880 3229 eam
908 3169 1012 3247 priore
1031 3170 1188 3251 aliquanto
1217 3187 1282 3242 esee
1303 3186 1370 3227 cor·

227 3269 394 3346 rectiorem.
437 3264 485 3353 (ld
507 3269 678 3349 exemplar,
708 3268 792 3353 quod
815 3290 871 3348 ego
898 3268 1044 3346 adhibui,
1074 3268 1238 3348 adscriptas
1260 3268 1369 3328 habuit

230 3372 339 3434 multas
360 3370 525 3451 scripturae
547 3368 776 3451 discrepantias,
810 3392 887 3454 quaa
908 3392 977 3433 cum
997 3392 1017 3432 a
1035 3392 1130 3431 manu
1151 3371 1223 3433 satie
1242 3371 1369 3453 antiqua

228 3478 289 3538 sint
299 3473 457 3547 adiectae,
480 3494 542 3537 non
562 3472 843 3555 praetermittendas
865 3496 929 3537 0110
949 3474 1139 3536 existimaui:
1163 3472 1293 3535 redeunt
1312 3494 1369 3532 au·

228 3591 290 3641 tem
312 3576 475 3637 maximam
495 3589 611 3655 partem
633 3575 672 3636 ad
695 3575 766 3637 edit.
794 3575 898 3661 Rom.)
917 3614 961 3627 ·-
989 3578 1138 3658 [Tertiam
1160 3577 1295 3657 aliquam
1316 3574 1369 3639 ed.

231 3676 523 3741 Dauentrz'eneem
552 3680 647 3741 refert
665 3680 844 3760 Schweiger
863 3682 985 3743 Handb.
1007 3681 1036 3741 d.
1058 3682 1311 3759 class.-Bibliogr.
1330 3680 1367 3739 Π.

228 3792 297 3842 1001.
318 3782 341 3841 l.
371 3802 401 3861 p.
422 3784 474 3841 60.
500 3782 625 3842 fortasse
658 3795 702 3843 est
728 3802 803 3846 una
816 3796 908 3865 atque
938 3782 1042 3843 eadem
1065 3802 1133 3842 cum
1162 3781 1369 3844 antecedente:

228 3884 303 3945 alibi
325 3880 364 3943 de
387 3904 422 3944 ea
442 3885 520 3945 nihil
541 3886 818 3964 commemoratur]
843 3915 884 3934 -·
910 3885 1003 3946 Parui
1034 3898 1106 3945 sunt
1126 3885 1289 3964 momenti,
1318 3896 1369 3943 ut·

229 3982 307 4066 pote¹
330 4006 409 4068 quae
435 3986 536 4047 merae
563 3985 622 4050 sint
647 3986 856 4067 repetitiones,
892 3984 970 4048 duae
1001 3983 1132 4048 editha
1155 3982 1368 4048 Wernsdorfio

229 4088 394 4169 descriptae
424 4100 528 4169 atque¹
542 4088 714 4166 adhibitae,
751 4086 1040 4153 Nordheimeneie
1070 4102 1101 4151 et
1134 4086 1368 4152 Colonieneise

230 4203 361 4271 annaque
388 4209 412 4249 1.
433 4190 454 4249 l.
477 4202 507 4251 et
525 4212 557 4251 au
575 4197 606 4251 4.
640 4193 717 4253 circa
744 4190 836 4254 linem
867 4213 942 4253 saec.
963 4192 1036 4253 XV.
1066 4193 1223 4270 impressa.
1243 4222 1286 4237 -·
1313 4188 1368 4251 se·

231 4290 362 4353 cundum
388 4288 534 4366 codicem,
568 4304 602 4353 ut
630 4314 670 4353 ex
696 4294 799 4355 uerbis
826 4295 967 4355 subiectis
994 4308 1135 4373 apparet,
1166 4298 1302 4359 instituta
1324 4302 1369 4352 011

232 4390 313 4457 edit.
343 4391 548 4457 Parmensis
580 4390 616 4457 V
613 4393 725 4479 geleti
753 4416 777 4459 s.
798 4417 827 4457 a.
845 4392 937 4479 (cira
957 4419 984 4460 a.
1009 4393 1116 4483 1500.)
1137 4404 1168 4459 4.
1197 4395 1369 4474 ,601111110-
