3067 4950
601 297 891 370 -13--

230 439 238 452 ⁸
255 484 398 550 Octauo
407 481 475 569 (sic)
495 481 634 569 Egloge
650 479 826 568 Colloquu.
839 481 1010 548 Lichorue
1022 480 1093 570 (cic)
1107 493 1141 548 et
1155 484 1313 550 Coriclon.

254 609 346 654 nouo
370 586 416 672 (in
432 607 526 666 marg.
545 607 563 646 a
582 607 642 648 rec.
658 607 698 647 m.
717 584 802 670 Vlll)
823 585 964 670 Egloge
979 583 1192 672 Colloquuto.
1219 587 1317 652 'itti-

153 716 232 758 rua
254 701 288 754 et
319 689 484 754 ditrictae.
524 693 585 752 Am
616 693 740 754 rechten
762 689 869 753 Raude
900 687 951 750 die
969 690 1115 751 Jahraelrl
1136 694 1222 753 1543
1249 689 1315 775 (wo

151 794 426 859 wanrscheintich
448 791 497 854 die
517 793 687 870 Marginnle
708 793 904 870 geaclrrieben
930 787 1049 872 ward),
1077 786 1142 850 und
1163 812 1225 854 von
1246 792 1315 856 der·

118 887 120 890 Α
152 901 276 960 selben
297 894 388 958 Hand
409 897 471 958 wie
500 915 531 956 ee
561 895 695 970 echeint,
721 891 771 954 die
793 894 922 954 Wortez
953 889 1082 955 Aureli
1112 891 1316 956 uiemeaiaui

156 998 464 1084 Cleurtugiueuaia
483 994 716 1084 poeteEglo.
736 994 770 1079 j.
797 998 885 1058 nebat
914 993 970 1057 der
1002 994 1149 1062 Variante
1170 1015 1210 1055 zu
1230 1016 1263 1056 ιι.
1284 1000 1314 1056 2.

157 1111 337 1162 resonant
361 1109 422 1162 tua
446 1103 543 1176 rictu,
564 1099 670 1161 woliir
689 1099 724 1160 in
746 1119 872 1160 umerer
891 1097 967 1160 Hda.
988 1104 1024 1158 et
1042 1093 1165 1159 raucis
1184 1093 1221 1158 iu
1239 1117 1315 1159 mu-

158 1211 232 1264 tua
258 1221 345 1264 rura
367 1200 509 1264 cicadis.
954 1273 961 1285 ὃ
1208 1276 1209 1281 ¹

255 1299 397 1388 Egloge
419 1301 479 1366 IX
499 1299 677 1386 (Comectur
697 1302 781 1365 einer
801 1320 936 1363 neueren
963 1296 1069 1380 Hand)
1092 1299 1315 1386 (hlloqttuto-

163 1423 227 1468 ree
250 1401 334 1466 ldae
358 1414 392 1468 et
418 1403 543 1468 Alcon.
584 1405 643 1466 Am
672 1407 796 1466 rechten
826 1401 932 1466 Raude
958 1423 1021 1466 von
1048 1403 1193 1484 jiingerer
1222 1405 1313 1466 Hand

166 1515 208 1570 2³¹
230 1504 285 1588 (ec.
309 1509 365 1584 egl.
385 1504 521 1592 Nemea.)
552 1507 614 1570 und
642 1507 777 1570 dariiber
798 1529 859 1570 von
880 1506 1039 1568 dereelbeu
1060 1506 1150 1568 Haud
1171 1506 1222 1570 die
1243 1531 1314 1572 zum

164 1612 282 1670 letzteu
302 1611 399 1671 Veree
420 1609 475 1684 der
492 1613 619 1690 vorigen
640 1612 747 1692 Ecloge
767 1608 942 1690 gehiirende
962 1610 1109 1671 Variante
1122 1607 1313 1698 flumineoe

164 1711 222 1772 fiir
236 1707 443 1798 fluminibus
464 1735 590 1775 unserer
610 1711 685 1774 ilde.

256 1809 399 1896 Egloge
419 1813 461 1876 X
488 1812 552 1899 (die
572 1817 655 1876 Zahl
675 1813 794 1877 wieder
814 1835 877 1875 uon
892 1811 1037 1892 jiingerer
1057 1809 1164 1896 Hand)¹
1184 1810 1222 1874 in
1243 1833 1313 1896 quo

164 1923 272 1999 poeta
295 1913 387 1976 eolice
409 1916 574 2002 loquitur.
615 1919 675 1980 Aur
702 1917 815 1980 Raude.
829 1923 876 1981 32.

182 2089 184 2091 ,
257 2016 400 2102 Egloge
421 2021 485 2086 XI
511 2020 575 2102 (die
596 2023 679 2083 Zahl
708 2045 768 2086 uon
788 2022 874 2102 jiiug.
895 2020 986 2083 Hand
1008 2017 1236 2106 eingeeclmltet)
1258 2017 1312 2082 ul·

169 2117 261 2182 timu
285 2118 408 2204 Colloq.
432 2123 575 2208 Mopsus
597 2133 629 2185 ei
652 2123 810 2186 Liciduc.
852 2127 913 2186 Am
934 2123 1040 2187 Raude
1061 2133 1108 2209 43.

255 2223 477 2289 Unterechriit:
511 2223 720 2311 Explicitum
746 2223 939 2289 buccolicou
970 2223 1145 2290 Theocriti
1167 2223 1334 2308 Citlfur-'
1434 2298 1440 2309 ,

171 2322 227 2386 uii
255 2333 377 2409 poetae
398 2325 502 2388 ciculi
523 2326 610 2412 (allec
630 2331 732 2390 uncial
753 2351 784 2389 ιι.
805 2325 899 2412 roth).

257 2427 292 2487 Iu
308 2429 356 2491 hia
373 2427 522 2511 quaedam
535 2443 605 2492 eum
625 2429 819 2491 adnotatione
833 2428 934 2509 digna.
976 2430 1113 2491 Primum
1126 2450 1165 2490 ex
1183 2429 1313 2510 scriptu-

172 2530 215 2589 rie
235 2530 296 2590 illie
316 2545 456 2611 apparet,
477 2534 560 2594 hunc
582 2531 714 2595 codicem
734 2534 767 2593 in
791 2534 831 2594 iia
851 2533 1001 2608 uersibus,
1023 2532 1079 2612 qui
1099 2529 1200 2592 adhuc
1223 2534 1312 2593 auxi·

170 2631 248 2691 lium
279 2647 470 2712 exspectant,
503 2634 587 2697 hatrd
618 2638 748 2697 multum
777 2634 888 2695 auxilii
920 2635 1082 2713 praebere:
1115 2632 1312 2712 interpolatos

170 2746 271 2795 autem
293 2756 357 2797 esse
378 2736 539 2816 Calpurnii
558 2760 682 2813 uerene,
711 2758 751 2799 ex
772 2736 885 2798 eisdem
905 2738 1077 2795 luculenter
1098 2733 1244 2810 efficitur,
1274 2736 1310 2795 oi.

170 2837 231 2902 Ecl.
252 2839 306 2915 Vi,
327 2840 547 2915 76.th1,81.
590 2838 709 2901 Deinde
732 2838 910 2901 Nemesiani
933 2837 1042 2899 iactam
1062 2833 1203 2897 uidemus
1225 2858 1311 2898 meu-

171 2940 298 3017 tiouem,
326 2942 379 3003 aed
404 2944 462 3018 ita,
491 2956 524 3005 ut
551 2944 652 3005 statim
671 2942 803 3021 intelligi
822 2942 934 3021 possit,
968 2940 1033 3003 eiua
1053 2958 1166 3001 nomen
1188 2959 1228 3001 ex
1247 2938 1312 3001 edi·

171 3044 253 3104 tione
273 3044 376 3125 aliqua
397 3046 429 3107 in
450 3045 581 3109 codicem
607 3048 934 3127 eeaetransacriptum:
966 3066 1062 3127 quare
1083 3066 1123 3107 ex
1143 3045 1201 3107 hac
1218 3066 1252 3107 re
1272 3043 1311 3105 ad

171 3145 296 3222 Vgoleti
331 3148 480 3209 rationem
520 3146 738 3213 defendendam
769 3152 847 3211 nihil
877 3161 981 3228 petere
1013 3145 1170 3208 debemus.
1226 3143 1312 3221 Quae

170 3262 325 3327 praeterea
345 3250 464 3332 aliquid
484 3254 630 3313 momenti
650 3255 779 3329 habent,
804 3253 865 3312 iam
882 3272 976 3329 eupra
997 3248 1246 3332 declarataaunt.

256 3355 286 3413 6.
313 3350 363 3413 De
386 3352 571 3439 Calpurnii
593 3352 814 3419 editionibus.
856 3352 937 3413 Cum
958 3364 989 3413 et
1009 3353 1048 3413 ab
1071 3352 1148 3428 aliia,
1168 3352 1309 3433 inprimie

156 3474 188 3512 -a
209 3452 422 3517 Wernedorlio
453 3458 474 3518 l.
495 3478 522 3518 a.
552 3479 583 3537 p.
598 3458 724 3519 37-51.
751 3468 781 3518 et
810 3477 828 3515 a
855 3475 906 3517 me
935 3455 1000 3515 alio
1023 3454 1090 3515 loco
1112 3451 1151 3516 de
1181 3456 1310 3535 cingulis

171 3554 331 3635 Calpurnii
361 3555 543 3619 editionibus
572 3557 759 3643 disputatum
789 3560 843 3636 ait,
874 3560 914 3621 ab
936 3578 973 3621 eo
1002 3557 1141 3633 coneilio,
1171 3556 1255 3640 quod
1276 3560 1308 3620 in

170 3653 346 3717 adornando
369 3660 426 3721 hoc
446 3659 526 3721 libro
548 3660 626 3721 mihi
646 3662 810 3739 proposui,
832 3682 895 3723 nou
917 3662 1050 3723 alienum
1073 3681 1138 3721 eeee
1158 3659 1310 3735 existimo,

171 3757 281 3843 quoad
302 3758 368 3820 fieri
390 3762 483 3839 poesit
515 3758 737 3839 demonstrare,
768 3764 883 3845 quibus
902 3784 943 3825 ex
970 3763 1105 3823 lontibue
1126 3773 1239 3843 etqua
1260 3784 1311 3823 ra·

142 3876 145 3882 '
170 3864 252 3925 tione
275 3863 435 3942 Calpurnii
468 3866 594 3945 Eclogae
621 3865 660 3926 ad
689 3881 792 3929 noetra
823 3888 923 3949 utque
950 3879 1089 3944 tempora
1113 3876 1310 3945 pertractatae

170 3976 263 4047 atque
284 3964 458 4028 emendatae
478 3970 547 4029 aint.
590 3968 761 4031 Dicendum
788 3970 884 4048 igitur
912 3968 970 4030 erit
988 3966 1123 4047 primum
1147 3964 1186 4027 de
1205 3967 1249 4027 eia
1270 3967 1309 4026 li·

170 4068 249 4143 bric,
286 4070 402 4151 quiex
423 4066 576 4132 codicibus
597 4071 680 4133 ducti
708 4086 779 4135 eum
799 4085 853 4133 aut
872 4069 956 4132 ducti
976 4091 1041 4133 eeee
1066 4069 1226 4143 uidentur,
1256 4065 1309 4127 de·

170 4170 279 4233 iudea
303 4172 415 4253 quibua
438 4180 550 4256 eiquo
573 4174 679 4235 ellectu
701 4175 812 4256 partim
833 4175 986 4235 librorum
1005 4176 1202 4254 antiquorum
1218 4163 1308 4228 auxi·

169 4273 227 4348 lio,
257 4276 367 4353 partim
395 4277 510 4356 ingenii
531 4277 668 4339 acumine
695 4291 725 4339 et
745 4279 854 4339 melior
873 4259 1040 4339 uerborum
1060 4285 1218 4335 contextus
1234 4290 1306 4330 eua-

169 4377 258 4452 eerit,
281 4389 310 4439 et
329 4397 431 4440 rerum
452 4380 640 4460 singularum
662 4382 833 4462 explicatio.
854 4414 897 4427 -
926 4376 1147 4459 Antiquieeima
1160 4372 1303 4435 omnium
