3067 4950
671 335 900 409 ...¹2-

223 522 407 605 ldylliorum
438 522 607 584 somniabat
644 522 696 585 ille
735 524 785 586 uir
812 521 925 610 bonus)
952 525 1090 607 positum
1120 523 1224 588 sicttli
1249 537 1372 612 poetae

227 626 514 702 commemorationi,
537 646 615 708 quae
637 639 741 705 postea
761 629 796 689 in
815 629 984 708 simplicem
1006 648 1111 690 vocem
1132 626 1264 691 siculus
1286 631 1372 705 abiit,

226 752 330 792 ansam
362 728 479 792 dedisse
511 729 642 790 uidetur.
694 731 732 792 Et
765 729 882 797 dehac
913 729 1039 812 quidem
1072 752 1106 792 re
1132 731 1228 793 inira:
1263 753 1371 795 uerum

225 833 284 892 nisi
305 831 406 894 omnia
427 852 477 892 me
497 830 625 906 fallunt,
656 831 689 892 in
725 831 767 894 eis
798 831 951 894 codicibus
979 832 1068 892 nobis
1100 854 1173 892 nera
1194 831 1305 894 tradita
1327 846 1372 894 est

224 936 318 1010 ratio,
348 934 379 994 in
407 934 520 1014 quibus
545 952 730 1011 praenomen
753 934 878 995 omnino
900 932 991 995 deest.
1034 935 1112 995 Voc.
1147 935 1228 994 enim
1262 933 1370 996 Caius

225 1037 385 1117 exprimat
418 1037 518 1096 littera
546 1055 612 1096 noc.
643 1033 859 1120 Calpurnius
895 1039 974 1098 male
1002 1039 1130 1117 repetita
1161 1038 1275 1099 factum
1307 1057 1371 1098 esse

223 1153 331 1220 potest.
349 1174 392 1185 -
413 1139 514 1218 lpsum
538 1137 692 1218 scriptoris
714 1159 827 1199 nomen
848 1161 866 1199 a
884 1137 1068 1223 quibusdam
1089 1139 1166 1201 uiris
1187 1135 1283 1201 doctis
1303 1153 1371 1200 tan·

224 1263 317 1324 quam
340 1240 455 1322 duplex
476 1239 675 1323 perhibetur,
702 1243 739 1301 cl.
768 1241 964 1306 VVemsdorl'.
983 1247 1006 1309 l.
1027 1266 1055 1304 a.
1077 1279 1121 1290 -
1151 1241 1269 1306 Iulius
1290 1240 1370 1326 (sine

223 1342 361 1420 Iunius,
393 1345 542 1424 scriptura
574 1344 656 1402 eninr
682 1341 845 1429 discrepat)
875 1343 1088 1429 Calpurnius
1109 1346 1282 1406 nominatus
1305 1364 1370 1406 esse

224 1447 262 1505 ab
283 1447 320 1506 iis
338 1459 478 1526 putatur:
502 1445 586 1527 quod
603 1447 668 1505 sine
690 1443 786 1504 dubio
807 1468 847 1506 cx
863 1446 991 1525 Vopisci
1009 1449 1111 1508 uerbis
1125 1445 1152 1512 ⁵l
1175 1445 1368 1525 desumptum

225 1562 285 1623 est,
305 1569 374 1610 cum
396 1561 426 1609 et
445 1549 500 1610 illo
520 1551 606 1622 loco,
639 1561 669 1609 et
687 1548 721 1609 in
741 1561 844 1608 nostra
864 1568 952 1607 causa
973 1544 1012 1608 de
1033 1569 1096 1608 uno
1118 1547 1288 1631 eodemque
1309 1551 1368 1610 bo·

222 1653 305 1712 ntiae
334 1665 503 1712 sermonem
530 1672 592 1712 esse
623 1650 668 1710 illi
691 1650 750 1710 sibi
778 1650 1004 1728 persuasissent.
1048 1650 1089 1711 At
1122 1649 1290 1712 cauendum
1314 1664 1369 1726 est,

223 1773 261 1813 ne
285 1755 344 1814 boc
363 1766 476 1814 temera
497 1753 650 1834 nimisque
675 1751 851 1812 festinanter
879 1751 919 1812 sit
948 1751 1077 1827 lactum,
1104 1773 1174 1812 cum
1198 1753 1266 1813 ueri
1296 1753 1367 1834 qui·

222 1855 292 1916 dem
320 1857 418 1917 simile
449 1875 513 1916 esse
541 1855 653 1934 possit,
684 1852 821 1916 sednon
848 1851 1025 1932 simpliciter
1052 1875 1171 1931 uerum,
1192 1854 1316 1914 lunium
1338 1873 1363 1914 s.

220 1959 332 2018 lulium
371 1956 590 2036 Calpurnium,
622 1954 677 2036 qui
713 1953 797 2033 apud
829 1954 997 2034 Vopiscum
1029 1971 1298 2033 commemoratur,
1336 1969 1367 2018 et

221 2059 442 2139 Calpurnium,
469 2057 649 2134 Eclogarum
670 2057 867 2135 scriptorem,
903 2075 1000 2116 unum
1027 2076 1092 2118 esse
1112 2071 1204 2139 atque
1225 2055 1365 2118 eundem.

220 2159 372 2244 Equidem
392 2160 470 2218 banc
489 2177 555 2218 rem
576 2179 615 2220 ex
635 2155 775 2219 codicum
796 2150 973 2218 auctoritate
989 2155 1189 2219 dirimendam
1211 2181 1274 2222 esse
1296 2180 1366 2221 cen·

221 2286 272 2328 seo
284 2308 293 2341 ,
321 2262 377 2345 qui
399 2259 437 2322 de
456 2262 544 2322 Iunio
566 2282 589 2322 s.
613 2261 693 2321 Iulio
715 2259 883 2340 Calpurnio
905 2263 996 2341 plane
1016 2263 1096 2322 nihil
1113 2260 1260 2342 produnt.
1302 2264 1365 2325 Ne·

222 2387 284 2448 que
305 2364 417 2439 deluit,
439 2364 495 2446 qui
516 2377 619 2426 contm
640 2365 764 2426 illorum
793 2366 969 2446 opinionem
991 2378 1152 2427 statueret:
1182 2364 1364 2450 Kempler.

222 2470 303 2529 enim
327 2469 359 2529 in
382 2463 545 2529 introduct.
577 2463 615 2526 ad
637 2467 698 2528 Ecl.
718 2467 741 2528 Ι.
770 2467 851 2530 inter
871 2481 1037 2550 utrumque
1057 2464 1362 2547 hunc'Calpurnium

220 2574 298 2632 bene
318 2568 467 2631 distinxit.
495 2602 539 2617 -
566 2570 632 2629 Vix
653 2583 753 2631 autem
781 2592 845 2632 uno
869 2573 966 2633 uerbo
988 2571 1080 2632 hodie
1107 2590 1186 2649 opus
1206 2584 1265 2646 est,
1292 2582 1363 2631 utro

219 2675 385 2754 scriptura,
418 2668 632 2757 Calpurnius
661 2694 700 2735 an
723 2672 961 2759 Colpltumius
982 2672 1179 2756 praeferenda
1196 2675 1250 2745 sit,
1282 2692 1362 2752 quae

218 2776 370 2857 posterior
382 2774 477 2835 libros
494 2788 524 2837 et
544 2794 636 2837 mann
657 2778 784 2857 scriptos
803 2791 832 2841 et
853 2778 1016 2859 impressos
1040 2779 1121 2860 typis
1141 2796 1238 2857 paene
1256 2792 1363 2835 omnes
1418 2765 1420 2768 ¹

220 2881 387 2967 occupauit.
408 2912 452 2924 -
481 2875 610 2939 Eaedem
638 2860 804 2958 editiones,
837 2882 870 2941 in
900 2883 1014 2963 quibus
1043 2879 1211 2959 Calpurnio
1232 2895 1362 2955 praeno·

219 2974 293 3042 men
315 2981 388 3041 Tito
412 2980 576 3054 tribuitur,
609 2981 709 3043 eidem
733 3002 900 3061 cognomen
928 2983 1040 3045 indunt
1062 2980 1179 3045 Siculo
1201 2978 1266 3063 (sed
1288 3000 1362 3060 par·

219 3084 274 3144 tim
296 3082 409 3142 babent
433 3078 542 3142 Poeta
573 3080 743 3168 Sicnltte);
774 3086 808 3146 in
841 3105 904 3169 quo
939 3108 1008 3149 cum
1041 3084 1180 3147 uirorum
1202 3081 1361 3145 doctorum

219 3186 381 3248 sententiae
403 3196 586 3263 congruont,
616 3184 757 3269 equidem
784 3188 863 3249 nihil
894 3189 1056 3264 monerim,
1083 3204 1192 3247 uerum
1214 3185 1361 3264 suspicari
1463 3235 1466 3238 .

218 3292 287 3351 licet
309 3309 377 3350 cum
397 3290 518 3351 Sternio
538 3288 685 3370 [Coniect.
713 3290 753 3353 ad
775 3292 873 3355 Gratii
894 3292 1007 3373 Cyneg.
1029 3314 1061 3370 p.
1080 3290 1125 3369 3.]
1148 3289 1208 3350 hoc
1230 3308 1293 3349 non
1316 3286 1355 3343 ab

218 3396 286 3475 ipso
304 3393 450 3471 scriptore
467 3394 637 3471 profectum
660 3414 733 3456 esse.
775 3394 865 3457 Certe
884 3413 985 3476 neque
1005 3394 1137 3467 Vlitius,
1158 3412 1257 3472 neque
1278 3390 1359 3449 Bur·

219 3514 365 3568 mannus,
388 3514 488 3575 neque
509 3494 740 3559 Wernedorfius
762 3497 934 3580 quidquam
963 3518 1003 3557 ex
1035 3495 1123 3557 libris
1150 3494 1212 3554 suis
1242 3489 1279 3551 de
1300 3491 1361 3550 boc
1414 3563 1416 3567 ι

218 3597 398 3675 cognomine
427 3598 610 3674 attulerunt,
639 3620 740 3682 neque
773 3619 829 3677 ego
859 3600 891 3660 in
923 3600 999 3659 meis
1030 3594 1201 3678 quidquam
1226 3593 1360 3673 repperi.

132 3724 135 3729 ·
218 3702 252 3762 si
280 3699 318 3763 da
349 3699 485 3763 codicum
516 3702 677 3761 meliorum
711 3702 961 3780 inscriptionibus
991 3710 1155 3774 constaret,
1191 3691 1360 3757 secundnm

113 3811 116 3814 ’
218 3802 329 3861 horum
351 3801 557 3863 auctoritatem
586 3805 710 3883 uulgata
743 3805 861 3866 ratione
889 3804 992 3864 relicta
1021 3802 1152 3862 libenter
1173 3817 1222 3858 me
1250 3796 1283 3855 iu
1304 3791 1360 3855 ad·

218 3903 422 3965 uersariornm
443 3904 619 3967 sententiam
647 3905 778 3986 pedibus
805 3908 919 3968 iturum
942 3925 1005 3965 esse
1026 3900 1180 3982 profiteor.
1223 3898 1358 3961 Siciliam

217 4007 347 4087 patriam
375 4004 543 4084 Calpurnio
570 4008 665 4085 tribui
692 4009 725 4069 in
754 4005 821 4069 cdd.
854 4028 924 4069 mss.
947 4015 1094 4065 memorat
1117 4005 1198 4064 Petr.
1220 4000 1358 4061 Crinitus

217 4128 274 4168 sec.
293 4108 399 4168 Rarth.
420 4104 563 4169 Aduerss.
584 4112 637 4185 43,
657 4114 687 4171 4.
717 4107 754 4171 de
783 4129 846 4192 quo
866 4106 1038 4171 testimonio
1062 4091 1178 4167 tamdiu
1199 4101 1356 4177 dubitabo,

218 4232 314 4294 usque
336 4208 409 4271 dnm
428 4231 467 4275 ex
490 4212 557 4273 aliis
585 4214 675 4275 rebus
706 4214 928 4295 comprobetur.
970 4212 1058 4277 Uultl
1079 4207 1132 4269 ille
1158 4203 1255 4268 elidet(
1275 4204 1357 4265 Viu-

287 4432 314 4495 ⁵)
332 4428 363 4481 ln
383 4425 445 4481 Cari
463 4424 516 4479 uita
535 4444 557 4481 c.
573 4429 598 4481 8.
