3067 4950
673 321 927 392 ...50-

324 509 406 570 Haec
427 505 531 570 eadem
548 509 636 571 nobis
657 509 750 571 frater
771 506 934 572 meditatur
954 509 1114 592 Amyntas,

325 611 425 688 Quem
446 612 547 673 uicina
567 613 642 674 meis
664 615 817 676 natalibus
839 611 982 675 admouet
1003 626 1094 676 aetas.
1151 593 1157 601 ²

282 719 327 780 M.
368 720 432 780 lam
452 739 583 799 puerum
606 722 735 781 calamos
757 732 787 781 et
807 718 902 782 odora
923 721 1045 780 uincula
1066 741 1150 781 cerae

238 826 280 884 20
322 823 450 901 Iungere
473 842 535 883 non
558 824 698 897 cohibes,
724 823 845 884 leuibus
866 843 959 905 quem
978 843 1068 902 saepe
1089 821 1191 884 cicutis

322 923 444 987 Ludere
466 937 623 988 conantem
644 927 768 987 uetuisti
787 927 888 987 lronte
907 921 1056 1006 paterna?

323 1029 496 1106 Dicentem,
517 1029 684 1111 Corydon,
705 1043 735 1092 te
756 1051 819 1092 non
839 1033 931 1091 semel
951 1030 1008 1091 ista
1027 1030 1149 1091 notaui:-

323 1132 461 1210 ange,
482 1152 574 1210 puer,
595 1134 744 1208 calamos,
768 1147 797 1195 et
817 1133 921 1193 inanes
945 1129 1049 1193 desere
1069 1131 1184 1205 Musas,

323 1234 354 1309 Ι,
376 1234 478 1313 potins
500 1232 625 1313 glandes
644 1235 877 1319 rubicundaque
898 1236 1005 1314 collige
1026 1255 1126 1308 corna,

238 1339 279 1400 25
324 1338 394 1400 Duo
415 1334 454 1397 ad
475 1341 603 1402 mulctra
623 1361 744 1419 greges,
774 1353 805 1401 ct
824 1341 871 1401 lac
891 1340 998 1399 uenale
1018 1357 1074 1417 per
1094 1336 1204 1395 urbem

265 1497 269 1516 ,
322 1441 393 1503 Non
416 1442 521 1503 tacitus
546 1456 650 1522 porta:
674 1441 750 1525 quid
772 1443 853 1503 enim
874 1441 931 1503 tibi
951 1440 1051 1502 fistula
1069 1436 1187 1514 reddet,

323 1542 393 1619 Quo
412 1557 511 1606 tulere
531 1544 666 1608 famem?
697 1559 775 1609 certe
798 1567 867 1606 mea
886 1545 1019 1606 carmina
1039 1563 1129 1604 nemo

323 1649 445 1710 Praeter
466 1645 506 1708 ab
527 1648 576 1709 his
596 1648 726 1728 scopulis
748 1661 875 1710 uentosa
904 1659 1108 1707 remurmurat
1128 1645 1222 1705 Echo.

281 1751 316 1813 C.
361 1752 442 1812 Haec
463 1771 539 1829 ego,
561 1749 721 1826 confiteor,
743 1749 826 1826 dixi,
848 1750 1017 1822 Meliboee,
1038 1746 1091 1809 sed
1113 1748 1204 1809 olim:

240 1859 281 1917 30
323 1853 393 1916 Νοιι
415 1850 521 1930 eadem
541 1853 630 1914 nobis
651 1865 723 1914 sunt
743 1865 900 1933 tempora,
921 1872 984 1913 nou
1006 1848 1080 1912 deus
1101 1848 1195 1912 idem.

323 1956 400 2036 Spes
422 1954 517 2032 magis
537 1952 664 2017 arridet:
696 1968 775 2018 certe
796 1975 835 2017 ne
856 1953 940 2034 fraga
960 1954 1119 2036 rubosque

310 2226 356 2290 tr)
372 2222 429 2276 llec
453 2225 544 2278 RM.
570 2222 628 2276 llas
651 2222 744 2277 eadem
763 2222 834 2277 Gud.
862 2240 884 2274 c.
908 2220 1052 2276 meditatur
1072 2224 1378 2294 j1.val.u[Dl.3.4.

239 2312 275 2379 (?)
294 2329 356 2364 nam
372 2309 513 2364 meditatus
529 2314 590 2366 Da.
608 2311 652 2363 uti
668 2310 726 2366 rell.
745 2310 828 2377 tion]
847 2308 967 2364 eminus
984 2311 1060 2380 pssb.
1078 2324 1216 2384 amynclas
1233 2317 1288 2368 nt.
1330 2318 1378 2382 18)

239 2400 429 2454 uicina-aetas
452 2399 515 2452 libri
537 2419 643 2464 omnes,
668 2417 733 2470 quos
752 2392 877 2453 Wernsd.
899 2399 1146 2452 cininicurtem
1162 2401 1221 2453 mei.
1248 2413 1331 2456 aestas
1348 2421 1379 2466 ψ.

240 2500 295 2543 etas
312 2510 335 2545 r.
352 2490 479 2543 admonet
505 2492 563 2543 nt.
595 2490 690 2544 uicena
711 2509 746 2543 m.
763 2509 792 2543 n.
809 2500 918 2543 amouet
934 2500 1017 2544 aestas
1034 2493 1133 2545 Barth.
1151 2511 1173 2544 e.
1198 2492 1240 2545 bis
1257 2492 1325 2546 dena
1342 2512 1379 2546 m.

239 2597 267 2631 ιι.
287 2577 412 2633 admouet
429 2588 512 2631 aestas
529 2587 580 2629 aut
603 2578 648 2631 uix
663 2596 718 2631 una
736 2595 773 2629 m.
792 2596 820 2632 n.
840 2590 949 2631 amouet
965 2589 1049 2632 aestas
1071 2578 1167 2634 Heius.
1187 2598 1211 2635 c.
1235 2578 1325 2635 uicina
1341 2600 1378 2634 ιιι.
1398 2605 1404 2609 ·

240 2686 267 2720 ιι.
285 2666 413 2721 admouet
430 2676 512 2719 aestas
531 2668 645 2719 Gronau.
659 2683 681 2721 c.
700 2666 795 2717 Omiss.
811 2666 850 2716 ad
864 2666 957 2721 Πίσιν.
975 2668 1062 2719 Statii
1076 2687 1105 2737 p.
1118 2671 1181 2723 415.
1203 2670 1266 2723 Voc.
1295 2680 1379 2725 aestas

237 2753 313 2825 prob.
334 2760 426 2811 Burm.
444 2756 491 2828 qui
519 2755 548 2807 in
572 2766 699 2809 contextu
724 2755 863 2809 uerborum
892 2756 989 2810 babet:
1017 2757 1112 2813 uicena
1135 2778 1170 2813 ιιι.
1195 2778 1224 2815 ιι.
1252 2757 1379 2813 admouet

240 2855 331 2897 aestas.
386 2847 431 2911 19)
450 2841 514 2897 Cor.
535 2843 598 2899 add.
619 2846 647 2899 V
650 2845 745 2910 rada
764 2864 832 2901 corr.
859 2846 935 2899 Idem
953 2846 1042 2899 uoluit
1064 2846 1193 2900 librarius
1208 2848 1239 2899 in
1255 2850 1381 2901 111..κά

241 2927 292 2983 Co.
308 2931 345 2980 ad
361 2950 416 3002 seq.
435 2951 463 2986 u.
482 2931 616 3000 appinxit.
635 2930 752 2985 calamos
769 2931 896 2985 odoratae
917 2935 950 2988 V.
977 2932 1061 2986 odore
1080 2933 1100 2995 f
1102 2935 1129 2985 1.
1149 2932 1229 2989 Guid.
1247 2933 1276 2987 irs
1292 2933 1378 2991 loram.

241 3017 339 3069 adoras.
367 3019 436 3070 R.2.
460 3026 487 3069 et
514 3016 627 3071 odorare
647 3022 766 3075 ostar.
796 3038 890 3073 caerae
912 3018 1229 3091 prizflflaboazs.
1261 3039 1338 3075 caere
1355 3043 1379 3077 r.

241 3123 302 3159 cere
319 3106 379 3158 Rt.
433 3107 481 3171 20)
504 3124 561 3159 non
578 3109 639 3159 121.
660 3105 728 3161 Vttt.
745 3124 767 3162 c.
787 3111 881 3162 Burm.
899 3116 927 3159 et
943 3108 1021 3161 Beck.
1039 3116 1203 3176 receperunt.
1228 3126 1302 3163 nuuc
1320 3109 1379 3163 rell.

241 3212 336 3248 omnes.
353 3213 428 3249 nunc
446 3194 519 3266 cogis
538 3194 578 3247 cd.
601 3193 676 3246 Titii.
703 3194 784 3249 Tunc
799 3193 906 3249 cohibet
925 3196 978 3249 Tit.
997 3195 1090 3264 cffirt.
1108 3194 1175 3249 Tun'
1186 3214 1266 3266 coges
1284 3196 1379 3252 Heius.

242 3299 264 3337 c.
294 3281 401 3337 cohibes
432 3293 483 3336 aut
510 3282 636 3355 prohibes
661 3284 754 3336 Burm.
781 3282 857 3351 prob.
886 3302 948 3355 sepe
976 3286 1034 3339 112.
1099 3285 1146 3350 21)
1176 3294 1328 3338 cantantem
1345 3289 1379 3339 Ρ.

298 3382 309 3411 1

242 3426 338 3481 uetulti
356 3430 413 3481 122.
432 3428 527 3481 uetusti
544 3434 571 3493 β.
590 3446 657 3481 uoce
675 3438 785 3500 paterna
807 3427 862 3483 Tit.
881 3427 965 3497 affert
982 3426 1021 3477 acl
1037 3425 1095 3481 Bet.
1114 3429 1139 3495 8,
1158 3430 1201 3480 12.
1263 3432 1309 3495 22)
1326 3428 1381 3483 Me.

242 3515 306 3569 add.
331 3517 357 3568 V
360 3514 514 3569 narare.
534 3516 622 3572 adscr.
650 3517 764 3571 Dicebas
805 3516 917 3571 coridon
935 3519 993 3570 R2.
1020 3534 1075 3568 ιιοιι
1103 3526 1129 3569 te
1160 3519 1187 3568 V
1191 3518 1382 3571 obnata.

243 3602 334 3657 rabo.
389 3605 435 3669 23)
454 3600 540 3655 inanis
557 3603 718 3658 R1.ral›o.
745 3616 771 3657 et
788 3623 880 3657 manes
897 3608 954 3658 122.
982 3602 1077 3675 collige
1097 3623 1186 3656 musas
1202 3604 1251 3660 dl.
1306 3606 1383 3670 24)Ι

243 3690 331 3760 polius
349 3694 408 3747 121.
423 3690 499 3761 prob.
522 3690 562 3743 W
560 3692 647 3743 ernsd.
667 3692 766 3760 recepit
785 3692 863 3747 Beck.
881 3690 916 3745 Et
935 3691 1023 3763 potius
1041 3692 1133 3762 uulgo.
1157 3690 1251 3763 pocius
1267 3694 1322 3745 ltt.
1347 3692 1383 3745 Et

243 3778 339 3846 procul
356 3782 387 3832 G.
454 3781 500 3844 25)
518 3777 666 3831 admulctra
680 3778 733 3849 sl.
751 3777 849 3831 multra
864 3782 993 3833 Dana
1019 3778 1082 3830 Duc
1105 3778 1219 3831 multum
1237 3797 1330 3851 greges
1348 3780 1384 3834 ad

244 3875 270 3919 et
288 3864 330 3921 lac
348 3871 407 3921 Dl.
462 3873 507 3934 21)
525 3878 611 3922 tutare
630 3871 688 3923 123.
708 3879 796 3921 tacere
814 3873 874 3923 122.
892 3870 1213 3922 membranaceae
1235 3870 1261 3921 V
1264 3870 1351 3923 0121.
1359 3888 1382 3922 r.

244 3962 334 4006 tueare
354 3956 434 4011 Guid.
451 3975 483 4006 ex
502 3957 589 4031 antiq.
607 3956 666 4011 cdd.
686 3957 735 4010 dn.
754 3956 843 4012 adscr.
864 3957 930 4010 Vlit.
950 3976 972 4012 c.
990 3955 1074 4009 solere
1094 3957 1129 4010 N.
1147 3958 1242 4010 Heius.
1259 3974 1282 4011 c.
1301 3973 1383 4009 nemo

245 4043 362 4096 carmina
394 4061 474 4095 nemo
492 4046 553 4100 124.
617 4049 663 4112 28)
681 4046 776 4099 Preter
799 4049 887 4099 nar.
920 4044 1030 4098 Praeter
1048 4063 1127 4116 quam
1145 4042 1186 4096 bis
1203 4062 1229 4099 a.
1259 4042 1386 4098 Praeter-

244 4148 324 4200 quam
349 4128 388 4183 bis
412 4150 432 4182 rr
456 4132 530 4185 Mod.
554 4134 647 4203 affert,
674 4137 694 4186 I
714 4135 843 4205 (barthio
870 4135 1000 4204 improb).
1029 4144 1138 4187 uentosn
1167 4144 1294 4186 tenuarat
1318 4137 1383 4189 Dt.

244 4217 326 4271 eccbo
344 4222 435 4275 lton.
488 4219 537 4288 29)
555 4221 610 4275 llec
627 4226 686 4280 Rl.
706 4221 763 4279 llac
781 4227 838 4277 Ra.
858 4222 917 4276 lloc
934 4223 976 4277 ed.
995 4220 1090 4274 Aurei.
1109 4220 1223 4286 (Allata
1240 4222 1320 4275 1⁶11.
1333 4223 1384 4288 4.).

244 4305 377 4359 llllelibeoe
395 4310 454 4361 Rl.
489 4306 601 4362 melibee
619 4314 677 4368 Rs.
741 4315 788 4372 30)
806 4310 868 4364 Νοιι
886 4309 979 4361 eadem
998 4308 1076 4361 nobis
1100 4327 1174 4363 nunc
1194 4321 1242 4371 ot.
1267 4308 1386 4375 (Vlilius

240 4412 380 4465 perperam
407 4413 440 4445 ex
459 4396 570 4448 Bartlui
588 4414 678 4452 comm.
702 4396 804 4467 affert.-
828 4396 891 4450 Non
909 4394 1002 4449 eadem
1020 4396 1092 4450 enim
1109 4398 1203 4464 nuno).
