3067 4950
689 307 938 380 -28-

752 489 819 545 Ecc.
843 493 878 546 V.

331 559 401 621 Non
423 561 541 635 Varro,
562 580 662 644 neque
683 562 856 639 Palladius,
877 563 1065 644 Columella,
1087 569 1235 653 (latoque,

328 646 398 707 Non
421 645 462 705 ita
483 645 633 723 Virgilius
653 648 804 710 seruanda
825 647 935 710 dedere
957 654 1075 727 colono,

330 728 450 804 Quanta
472 732 561 792 breui
582 733 632 793 hic
653 731 792 796 Canthus
816 736 908 797 sumit
928 751 1089 817 praecepta
1107 739 1249 820 Myooue,

328 814 443 879 Ordine
465 837 528 898 quo
550 830 631 879 certo
650 820 747 898 possit
772 821 832 884 sibi
854 820 960 884 uiuere
981 825 1106 886 amicus.
1204 864 1207 869 ·

744 971 808 1027 an.
833 973 868 1029 V.

326 1040 451 1122 Astylns
473 1053 502 1102 et
522 1039 669 1122 Lycidas,
699 1064 778 1124 quos
799 1065 920 1124 semper
940 1066 1032 1107 sexus
1054 1059 1184 1131 uterque

324 1127 475 1188 Sollicitos
497 1129 611 1202 tenuit,
632 1129 750 1190 miseris
771 1131 889 1209 periere
911 1133 1043 1211 periclis.

325 1211 451 1274 Arbiter
471 1213 542 1274 hinc
562 1214 735 1294 Mnasyllus
756 1228 838 1278 amat
858 1214 1027 1278 discernere
1047 1217 1126 1295 lites,

323 1297 384 1361 Sed
405 1299 502 1378 sugit,
536 1310 570 1360 ut
592 1300 677 1362 stulti
695 1300 826 1361 nimium
849 1301 984 1363 crudelia
1004 1315 1130 1365 tenmnt.

324 1522 383 1583 Hic
413 1519 560 1604 Corydon
580 1521 670 1586 ludos
692 1449 887 1587 udicidddi't
915 1538 979 1586 arte
1000 1526 1156 1605 Lycotam.

328 1607 551 1687 Comprensam
575 1609 653 1670 circo
677 1622 781 1671 narrat
806 1631 902 1689 geniis
923 1631 1014 1672 omne
1035 1612 1181 1687 ferarnm,

311 1692 442 1774 Deinde
462 1696 649 1774 palaestritas
668 1696 767 1756 multo
797 1709 923 1758 certasse
945 1697 1060 1756 labore.

322 1777 438 1841 Cuncta
458 1781 527 1842 sinu
550 1781 681 1861 Augusti
702 1792 774 1844 sunt
797 1783 998 1844 concertantia
1017 1777 1133 1842 laudes.

613 1931 675 1986 Ect.
702 1933 734 2002 [1.
753 1932 915 2000 Nemesiani]
934 1931 1005 1985 Vlll.

323 2002 454 2084 Tityron
476 2003 509 2063 in
530 2001 631 2082 gelido
653 2005 820 2067 flectentem
850 2006 987 2084 gramina
1007 2003 1093 2066 fiscos

321 2087 444 2148 Accedit
466 2089 608 2163 iuuenis,
630 2091 763 2169 cupiens,
792 2103 877 2151 canat
898 2111 1094 2152 ore‘sonoro.

319 2173 362 2234 At
381 2187 470 2252 negat
490 2174 544 2236 illa
563 2195 675 2249 senex,
695 2177 803 2238 iuueni
824 2188 896 2237 sunt
916 2175 1025 2248 fortia,
1046 2173 1161 2250 dicens,

321 2257 481 2320 Membra:
504 2257 588 2322 decet
607 2262 728 2340 lapsum
750 2263 837 2323 tollat
857 2283 950 2340 strper
969 2262 1093 2322 aethera
1116 2261 1256 2323 amicum.

693 2412 756 2466 Ecr..
786 2412 816 2466 11.
848 2411 932 2465 vlttt.

319 2483 445 2543 Astacus
465 2496 558 2565 atque
579 2487 674 2550 Aleon
695 2413 841 2547 DondceJn
862 2488 982 2545 coluere
1003 2486 1157 2565 puellam:

319 2568 420 2628 Multa
441 2569 576 2631 habuere
594 2572 686 2632 simul
706 2573 835 2633 Veneris
855 2572 1034 2632 commercia
1056 2570 1184 2649 primae.

320 2654 375 2712 llla
396 2654 451 2713 ubi
472 2655 595 2717 nesciuit
614 2670 718 2735 pater,
749 2657 812 2717 imo
833 2677 949 2717 carcere
969 2669 1071 2715 natam

319 2736 454 2801 Clausit:
476 2761 580 2803 amans
602 2743 742 2825 queritur
762 2742 842 2817 tristi
864 2762 919 2803 sua
940 2739 1049 2803 damna
1070 2741 1184 2802 furore.

703 2896 767 2950 Eur..
788 2895 857 2963 [tlt]
874 2894 905 2946 X.

319 2967 460 3047 Nyctilus
480 2982 573 3049 atque
592 2968 722 3049 Myron,
753 2969 854 3029 socius
875 2987 1002 3047 qnoque
1021 2966 1153 3046 pulcher
1171 2964 1330 3046 Amyntas,

269 3069 271 3073 ’
316 3050 462 3113 Arcadiae
480 3052 554 3114 diuo
573 3053 651 3114 fesso
671 3074 803 3133 rapuere
824 3052 960 3113 cicutam.

317 3134 379 3210 Qui
399 3138 484 3215 fugat
503 3152 537 3200 ut
559 3136 712 3216 placidum
733 3140 813 3199 lasso
833 3135 871 3197 de
892 3156 1020 3215 corpore
1047 3155 1201 3212 somnum,

317 3222 356 3284 Et
373 3243 469 3301 genus
490 3236 519 3284 et
544 3224 655 3285 Bacchi
677 3225 800 3289 comites
821 3221 907 3284 docet
928 3222 1036 3283 ordine
1056 3235 1149 3283 certo.

686 3376 750 3431 nec.
770 3377 841 3445 [tn]
861 3377 908 3430 xi.

317 3448 447 3527 Mopsus
469 3459 549 3508 amat
569 3449 715 3525 Meroen,
737 3450 840 3512 miseri
861 3450 1014 3509 formosus
1033 3446 1114 3505 lolas

316 3534 397 3611 Ignis
420 3530 499 3595 edax
519 3532 661 3613 Lycidae.
706 3533 858 3609 Quicum
894 3530 968 3593 dant
995 3531 1132 3591 membra
1155 3530 1269 3610 sopori,

317 3620 445 3698 Semper
465 3630 544 3679 amat
565 3619 693 3681 Meroen
713 3622 859 3699 Mopsus,
889 3620 966 3698 petit
988 3617 1065 3677 alter
1083 3616 1197 3677 lolam:

316 3706 365 3767 Sic
387 3706 471 3765 nulla
492 3706 552 3765 alta
573 3704 677 3785 quies,
698 3703 777 3767 duro
798 3706 854 3785 qui
873 3703 1012 3783 indulget
1033 3701 1141 3765 amori.

647 3867 944 3882 μαι-ιιι*-

302 3969 399 4031 Adnot.
417 3974 450 4021 In
468 3973 528 4041 ipsa
546 3972 704 4025 Brassiconi
729 3972 860 4028 editione,
887 3990 921 4023 ex
945 3992 1000 4045 qua
1024 3974 1076 4024 lene
1102 3973 1246 4025 Periochae
1264 3972 1370 4025 leuibus

415 4042 548 4093 erroribus
571 4043 718 4095 emendatis
740 4043 923 4111 transcriptus
948 4054 1024 4100 sunt,
1050 4062 1097 4094 eae
1123 4044 1237 4114 singuiis
1260 4044 1371 4113 a'ctogts
1443 4048 1446 4053 ’

412 4114 642 4181 praemittuntur:
669 4114 758 4169 sotius
784 4123 877 4167 antem
901 4114 982 4173 dari,
1008 4134 1055 4168 eus
1072 4116 1122 4167 ltoc
1141 4116 1198 4167 loco
1215 4118 1369 4169 sutnenatim
1433 4127 1435 4130 '

413 4200 566 4253 proponere.
671 4234 672 4237 ,
720 4190 724 4201 “
