3067 4950
148 546 350 622 doboneusis,
385 567 424 607 ex
445 567 509 630 quo
530 567 595 608 uoe
617 545 757 609 Siculus
778 549 922 626 affertur,
943 547 1124 610 contrariam
1142 547 1292 610 rationem
1331 622 1333 629 Ι

147 669 254 712 ueram
275 669 341 712 esse
360 650 431 710 satis
459 647 579 732 liquido
602 646 798 713 demonstrat.
840 653 941 714 Huius
960 653 1042 713 euim
1063 672 1102 712 ex
1122 651 1294 732 inscriptio·

146 754 248 830 uibus,
270 773 346 836 quas
359 772 451 834 supra
463 755 561 828 attull,
582 752 998 837 simpliciterpraefigendum
1016 769 1062 818 est
1083 752 1293 839 „Culptsrnii

148 851 377 934 Bucoliconl’,
406 870 499 939 atque
524 857 604 917 banc
629 857 809 936 scripturam
843 881 948 921 ueram
968 880 1032 921 esse
1055 859 1212 934 existimo,
1233 856 1294 919 nisi

147 955 276 1017 fortasse
309 979 349 1019 ex
379 960 447 1022 allis
475 961 562 1022 libris
594 956 768 1021 addendum
802 974 867 1024 ests
896 959 945 1024 ud
966 957 1228 1024 Numerianum.
1248 993 1293 1036 ···.

145 1059 306 1121 Praeterea
328 1059 526 1142 Calpurnius,
555 1063 735 1142 Eclogarum
756 1065 905 1144 scriptor,
934 1085 954 1125 a
973 1062 1116 1144 pluribus
1136 1061 1204 1122 aliis
1222 1056 1293 1122 Cal·
1324 1091 1326 1094 ⁴

146 1161 283 1240 purniis,
315 1181 449 1244 quorum
491 1164 603 1243 scripta
647 1178 938 1242 commemorantur,
969 1159 1199 1241 distinguendus
1229 1174 1292 1223 ests

148 1264 254 1344 quales
275 1276 346 1325 suut
362 1261 408 1328 L.
426 1262 641 1348 Calpurnius
664 1263 750 1326 Piso
766 1263 902 1350 Frugi,
928 1265 984 1348 qui
1004 1267 1156 1328 orationes
1177 1277 1207 1326 et
1227 1264 1292 1324 Au·

148 1366 232 1425 nales
254 1366 396 1448 reliquit,
425 1366 462 1426 ol.
490 1363 553 1425 Cic.
575 1366 663 1426 Brut.
686 1367 754 1443 27.;
787 1364 1001 1451 Calpurnius
1026 1365 1199 1429 Serranus
1220 1367 1293 1448 qui·

146 1465 227 1544 dam,
252 1470 307 1551 qui
327 1471 384 1531 sub
408 1464 537 1530 Claudio
557 1467 741 1548 imperatore
763 1470 859 1531 uixit:
886 1468 924 1530 de
946 1467 1123 1545 hoc-iulra3
1145 1465 1189 1530 L·
1210 1464 1293 1530 cat-

144 1567 297 1651 purnius
320 1569 422 1647 Piso,
452 1570 508 1654 qui
528 1570 662 1652 Traiano
683 1571 852 1650 imperante
872 1569 911 1632 de
932 1569 1115 1634 coutinentia
1132 1581 1290 1648 poetarum

146 1671 280 1750 scripsit3
304 1663 519 1756 Calpurnius
540 1670 719 1749 Flaccus,
750 1677 806 1758 qui
831 1688 986 1754 excerptas
1012 1675 1171 1734 rhetorum
1191 1672 1292 1734 mino·

128 1791 216 1832 -rum
254 1770 484 1833 declamationes
524 1773 733 1850 concinnauit3
767 1771 982 1859 Calpurnius
1012 1771 1164 1850 Bessus,
1197 1795 1291 1856 quem
1374 1837 1376 1840 Α

145 1871 365 1935 Commentarii
385 1875 418 1934 in
447 1875 618 1936 Germanici
647 1876 758 1937 Aratea
786 1890 940 1941 auctorem
961 1895 1025 1936 esse
1047 1876 1168 1954 feruut3
1204 1875 1291 1939 Cul-

146 1975 309 2060 purnius‚
330 1999 348 2038 a
369 1997 432 2060 quo
448 1974 613 2038 Comoedia
633 1975 834 2055 „Phrenesis”
853 1991 928 2041 teste
948 1979 1111 2058 Fulgentio
1129 1976 1291 2040 Planciade

146 2076 185 2138 de
210 2079 311 2158 prisco
332 2099 470 2142 sermone
490 2078 548 2140 sub
575 2079 617 2140 V.
666 2077 883 2157 Nusitemu,
925 2083 1078 2142 elaborata
1107 2093 1171 2142 cst:
1207 2083 1291 2144 bunc

145 2179 342 2242 Werusdorf.
369 2201 437 2243 cum
464 2182 649 2264 Calpurnio,
680 2184 861 2262 Eclogarum
882 2184 1046 2266 scriptore,
1074 2182 1205 2246 eundern
1226 2205 1290 2246 esse

146 2283 290 2360 coniecit,
309 2283 341 2345 id
364 2283 448 2368 quod
470 2306 570 2369 neque
592 2277 785 2366 comprobari
803 2299 918 2367 potest,
940 2306 1042 2369 neque
1062 2288 1170 2348 refelli.
1297 2350 1301 2360 ,

230 2391 260 2448 2.
292 2385 348 2450 De
379 2386 560 2472 scriptoris
582 2388 662 2450 uita
692 2399 725 2450 et
757 2375 882 2450 aetate.
925 2390 973 2450 De
1002 2388 1162 2468 Calpurnii
1180 2377 1290 2449 natali·

145 2490 204 2551 bus
226 2489 395 2573 etreliqua
414 2490 495 2551 uitae
515 2490 689 2553 conditione
708 2511 834 2572 prorsus
855 2493 935 2554 nihil
955 2506 1017 2570 est,
1045 2490 1131 2576 quod
1153 2512 1194 2553 ex
1212 2494 1290 2553 alio·

146 2610 217 2652 rum
239 2592 412 2674 testimonio
440 2606 603 2656 constaret:
636 2613 732 2675 pauca
753 2607 871 2672 tamen,
899 2617 997 2678 eaque
1017 2598 1204 2658 subobscure
1222 2596 1289 2675 ipse

145 2694 328 2781 carminibus
349 2695 411 2757 suis
443 2697 593 2774 intexuit,
625 2718 688 2779 qua
718 2699 751 2758 iu
780 2720 814 2760 re
835 2721 873 2761 ne
902 2699 998 2760 nimia
1019 2711 1049 2759 et
1075 2699 1288 2775 intempestiua

144 2797 304 2875 sagacitate
338 2810 479 2873 utamur,
519 2799 650 2858 aliorum
681 2818 736 2859 nos
768 2796 911 2859 admonet
942 2799 1128 2876 exemplum.
1169 2796 1289 2858 Volunt

145 2899 227 2959 enim
248 2896 295 2957 illi
315 2911 459 2971 statuere,
490 2897 710 2979 Calpurnium,
738 2899 795 2981 qui
824 2919 856 2961 ss
881 2897 921 2960 ad
941 2898 1068 2975 Virgilii
1087 2898 1288 2961 imitationem

144 3002 206 3063 Ecl.
226 3002 249 3061 Ι.
270 3000 306 3059 tt.
329 3001 395 3061 Vll.
429 2998 644 3082 Corydonem,
677 3001 738 3065 Ed.
774 3002 856 3064 Vlll.
888 3002 1033 3084 Tityrum
1064 3000 1287 3082 siguificauerit,

145 3124 186 3165 ex
208 3104 379 3164 humillima
400 3104 462 3166 uita
476 3104 514 3167 ad
536 3106 692 3167 meliorem
712 3118 825 3167 statum
844 3106 996 3167 transiisse
1016 3107 1138 3168 faciente
1157 3119 1287 3187 patrono

65 3232 67 3234 ·
145 3205 297 3289 quodam,
327 3209 383 3289 qui
407 3208 508 3286 ipsum
542 3210 721 3289 Imperatori
748 3208 1014 3271 commendauerit.
1056 3207 1157 3284 Quam
1177 3208 1288 3271 debilis

147 3312 187 3372 sit
208 3310 354 3371 sententia
387 3307 426 3371 de
457 3310 579 3387 Sicilia,
609 3311 768 3391 Calpurnii
797 3314 913 3392 patria,
944 3330 1037 3391 supra
1065 3312 1127 3370 iam
1149 3308 1286 3372 ostendi:

143 3432 185 3473 ex
210 3412 269 3473 Ecl.
291 3404 345 3488 IV,
368 3416 494 3475 tt-ts.
525 3414 673 3488 efficitur,
701 3400 855 3495 siquidem
886 3414 932 3475 illi
959 3434 1032 3475 uere
1047 3414 1285 3492 *existimarunn

144 3510 313 3595 Calpurnio
341 3516 465 3577 fratrem
486 3516 579 3577 fuisse
604 3528 677 3577 natu
699 3517 865 3595 minorem,
887 3516 941 3580 sed
968 3518 1027 3579 hac
1048 3538 1082 3579 re
1106 3537 1216 3598 parum
1236 3517 1286 3576 iu·

142 3640 263 3681 namur.
306 3618 423 3680 Contra
449 3638 488 3678 ne
519 3620 581 3693 eis,
613 3638 691 3699 quae
719 3620 823 3699 priore
850 3624 917 3682 loco
944 3622 1045 3700 posita'
1075 3633 1163 3693 sunt,
1194 3619 1285 3679 nimis

142 3720 349 3797 confidamus,
379 3733 590 3802 argumentum
612 3721 683 3783 satis
707 3744 800 3802 graue
826 3724 931 3785 afferri
950 3734 1057 3803 potest.
1101 3720 1286 3799 Calpurnius

142 3824 226 3884 enim
243 3843 301 3904 pro
317 3824 440 3883 illorum
458 3834 631 3902 temporum
649 3834 737 3903 captu
754 3824 912 3904 ingenium
933 3824 1026 3883 habet
1047 3842 1109 3883 non
1129 3824 1171 3883 ita
1191 3820 1284 3884 rude:

141 3946 276 4009 eumque
297 3922 351 3984 diu
372 3918 563 4006 multumque
582 3924 617 3985 in
636 3925 807 3988 lectitandis
827 3926 966 4004 Virgilii,
999 3922 1136 3999 Horatii,
1169 3922 1286 3999 Ouidii,

142 4029 232 4091 Statii
253 4026 452 4100 carminibus,
485 4028 598 4108 quibus
627 4030 785 4091 Theocriti
804 4027 916 4110 ldyllia
935 4024 1075 4089 addenda
1098 4040 1186 4104 suut,
1213 4048 1285 4088 uer·

141 4142 243 4192 satum
265 4150 346 4205 esse,
369 4150 408 4190 ex
431 4127 527 4208 ipsius
548 4128 664 4207 Eclogis
685 4134 780 4211 plene
798 4143 843 4192 est
861 4130 1074 4209 perspicuum,
1105 4142 1135 4191 et
1155 4131 1194 4190 ab
1216 4130 1283 4190 aliis

142 4252 269 4316 quoquc
291 4231 428 4313 alioquin
452 4226 606 4312 usquead
628 4230 793 4292 satietatem
813 4232 978 4310 profertur.
1019 4230 1157 4290 Maxime
1181 4241 1282 4291 autem

141 4333 222 4397 illud
243 4335 339 4395 clucet
369 4354 410 4395 ex
440 4333 527 4394 tereti
559 4330 751 4415 rotundaque
773 4353 919 4395 uersuum
946 4332 1181 4412 compositione,
1221 4352 1282 4412 qua

141 4438 256 4499 uirtute
286 4432 470 4516 Calpurnius
498 4422 579 4515 ipse,
610 4452 710 4517 neque
734 4436 848 4497 iniuria
875 4435 1023 4515 gloriatur
1034 4467 1053 4511 ,·
1078 4434 1116 4495 cl.
1147 4433 1207 4493 Ect.
1228 4432 1282 4506 lV,

931 4543 974 4605 1*
