3067 4950
689 326 946 396 ...62-

329 503 397 568 *Sed
421 525 483 568 non
504 521 574 570 ante
595 529 699 590 greges
721 510 754 571 in
775 531 887 591 peecua
907 512 994 576 mitte
1018 518 1163 595 reclueue,

250 607 293 668 25
337 605 438 682 Quam
458 609 551 672 fuerit
570 613 686 691 placete
706 614 803 676 Palea.
846 616 929 676 Tum
956 617 1068 698 ceepite
1091 622 1165 684 uiuo

338 711 423 774 Pone
442 715 560 788 fucum,
583 713 779 798 Geniumque
798 719 858 779 loci
881 703 1260 808 Faunumque'Lareeque
1281 753 1285 758 ⁴

335 812 420 878 Salso
441 817 521 880 farre
542 837 635 880 uoce:
663 817 783 898 tepidos
804 833 878 882 tarne
897 823 998 883 hostia
1021 826 1134 888 cultros

333 919 467 982 Imbuat:
489 921 678 996 hereticam,
703 920 778 982 dum
799 924 898 999 uiuit,
920 925 1015 986 ouilia
1036 927 1141 988 lustra.
1248 939 1259 950 '

334 1023 520 1098 Neomare,
541 1035 614 1084 tunc
636 1043 757 1102 campos
777 1026 908 1102 ouibus,
935 1025 1058 1090 dumeta
1079 1034 1202 1110 cepellie

249 1126 292 1188 30
335 1120 410 1187 Orto
432 1124 496 1184 tole
516 1120 620 1200 dabie,
647 1124 739 1185 eimul
760 1126 843 1186 hunc
863 1128 1073 1190 transcendere
1093 1148 1229 1198 montem

334 1223 494 1304 Coeperit,
517 1238 547 1287 et
569 1227 687 1306 primae
708 1227 840 1306 spatium
860 1229 1033 1308 tepefecerit
1054 1234 1157 1296 horae.

331 1331 372 1391 At
392 1328 418 1390 ei
444 1328 522 1391 forte
547 1351 650 1405 uacee,
673 1328 748 1392 dum
768 1332 918 1392 matutina
937 1335 1056 1395 relaxat

331 1433 458 1511 Frigora
480 1434 544 1508 eol,
573 1432 699 1495 tumidis
719 1447 863 1514 epument
890 1435 949 1496 tibi
972 1440 1101 1500 mulctra
1121 1442 1261 1520 papillis:

331 1535 485 1614 Implebis‚
519 1536 603 1618 quod
625 1557 721 1599 messe
743 1537 835 1613 fluet,
856 1560 1026 1625 rureueque
1046 1557 1202 1621 premetur

247 1641 288 1700 35
330 1638 443 1712 Mane,
465 1636 550 1718 quud
572 1636 714 1700 occiduae
735 1641 873 1700 muleura
893 1637 1042 1720 redegerit
1062 1642 1167 1705 horae.

331 1740 424 1802 Parce
444 1755 545 1804 tamen
567 1743 669 1818 foetis,
690 1763 746 1802 nec
771 1743 832 1803 sint
853 1741 1034 1822 compendia
1060 1746 1146 1822 tanti,

330 1839 483 1907 Destruet
498 1857 532 1907 ut
553 1849 660 1910 niueos
682 1849 800 1908 uenalis
826 1867 929 1908 ceeeue
949 1867 1060 1926 agnes:

331 1946 412 2009 Nem
434 1949 491 2010 tibi
511 1950 674 2030 praecipue
698 1948 818 2011 foetura
840 1950 956 2009 coletur
976 1969 1090 2011 amore.

317 2150 363 2212 tt)
381 2147 455 2198 mitte
473 2143 591 2196 reclusos
611 2143 674 2193 121.
694 2139 788 2191 Heius.
808 2157 831 2194 c.
849 2137 946 2190 mittito
977 2139 1081 2192 clausos
1099 2141 1191 2210 uulgo.
1212 2143 1314 2197 cieuses
1334 2165 1389 2210 νψ,

245 2238 349 2290 mittere
370 2233 472 2288 clausos
492 2227 643 2296 Wakefield
660 2227 727 2281 Situ.
746 2227 820 2283 critt.
840 2229 933 2293 Hm.
952 2228 1018 2282 coni.
1072 2230 1119 2294 2³)
1136 2227 1225 2280 fuerat
1240 2232 1303 2285 121.
1327 2232 1393 2286 sue.

244 2325 279 2377 rit
304 2321 397 2392 uulgo.
432 2328 496 2371 tunc
536 2316 564 2368 V
567 2334 591 2370 ο.
629 2324 658 2367 tu
693 2314 1099 2387 P92.3.R2.ppat.sft.g.
1130 2315 1255 2386 fortasse
1284 2335 1391 2376 uerum.

279 2423 304 2454 m
323 2407 413 2451 adscr.

243 2479 272 2521 tu
304 2467 354 2521 dt.
382 2471 469 2533 ceepte
490 2478 518 2529 p.
587 2456 637 2528 tt)
661 2459 826 2533 geniumque
855 2459 910 2516 foci
937 2462 1270 2518 Pmmecutade.
1297 2464 1388 2517 adscr.

243 2572 396 2627 genumque
415 2548 470 2602 soci
488 2552 548 2605 un.
578 2548 712 2621 Laresque
729 2554 790 2607 121.
817 2552 967 2622 Laremque
987 2549 1079 2619 uulgo.
1143 2552 1189 2617 28)
1208 2549 1258 2603 hac
1276 2562 1304 2605 et
1320 2552 1387 2606 dum

168 2662 175 2676 ⁶
242 2643 317 2695 uiuat
344 2643 407 2693 Dt.
437 2656 469 2692 ac
488 2638 519 2697 εἴ
536 2641 594 2693 Re.
620 2656 652 2691 ac
679 2637 757 2691 etiam
785 2636 1199 2694 PVGDtJttaadmto.
1227 2636 1278 2693 hac
1306 2641 1385 2695 etiam

243 2725 362 2782 Doruill.
388 2737 416 2779 et
443 2731 537 2782 Burm.
566 2744 602 2782 cc.
635 2727 734 2795 recepit
760 2725 840 2781 Beck.
876 2735 957 2797 atque
986 2724 1065 2778 etiam
1093 2726 1315 2796 pssf1.2.c2.e‚
1343 2730 1386 2783 uti

243 2816 335 2888 uulgo.
362 2827 442 2889 atque
467 2818 546 2870 etiam
573 2816 637 2869 dum
664 2813 732 2869 uiuit
756 2814 853 2867 cierunt
877 2815 907 2867 in
924 2818 984 2869 124.
1010 2825 1072 2869 ente
1100 2826 1204 2882 tamen,
1234 2815 1300 2869 dum
1317 2815 1382 2868 uiuit

241 2910 335 2960 Burm.
358 2923 382 2959 c.
435 2909 481 2971 3⁰)
500 2906 555 2957 Hic
572 2924 600 2961 u.
619 2922 678 2955 cum
702 2900 790 2955 tribue
807 2920 881 2972 seqq.
898 2921 949 2958 om.
972 2902 1001 2953 in
1018 2902 1378 2957 R1.tranecendereva1.

242 3012 261 3044 π
280 2992 337 3046 rell.
357 2993 523 3045 trascendere
536 2994 588 3061 fi.
616 2990 743 3043 accedere
770 2990 1311 3062 PVD2.3rcpssa2.eqq.s2.d2.bo.
1337 3009 1383 3043 ac-

242 3082 356 3135 cendere
374 3082 406 3131 G·
423 3078 548 3132 atendere
566 3082 628 3133 De.
646 3076 783 3131 attendere
800 3078 857 3130 R2.
870 3076 1011 3147 fortasse:
1030 3078 1181 3133 escendere.
1239 3080 1286 3144 31)
1304 3096 1386 3148 cepe-

243 3170 278 3223 rit
297 3168 341 3221 bo.
367 3167 456 3238 coepit
484 3177 511 3220 et
540 3170 601 3219 Dr.
625 3166 662 3234 et]
691 3176 720 3219 ut
746 3164 1065 3234 D3.4.pf1.vat.tp.
1092 3166 1213 3238 spacium
1240 3163 1335 3230 αβόο.
1355 3176 1386 3219 ut

242 3258 333 3330 primu
351 3254 492 3327 spatiatum
511 3262 531 3308 t.
546 3251 612 3307 hore
639 3256 698 3310 Re.
723 3250 790 3305 hore
808 3270 830 3307 r.
857 3252 1001 3323 perfecerit
1028 3251 1111 3317 horae
1139 3254 1233 3305 Heius.
1251 3268 1274 3307 c.
1334 3255 1384 3319 32)

248 3338 348 3400 Vertite
371 3346 487 3400 32.-35.
509 3343 599 3396 enutri
623 3342 651 3395 in
675 3346 805 3398 Dent.
834 3342 905 3395 acsi
931 3344 1173 3412 PGrcf1.vci.
1202 3357 1282 3409 uacet¹
1299 3337 1384 3403 (faces

243 3435 322 3498 c'err.)
343 3433 361 3482 d
369 3436 397 3486 2.
422 3441 496 3484 uates
513 3451 535 3483 r.
552 3441 630 3485 uacet
648 3434 679 3483 G.
745 3432 793 3493 33)
808 3438 934 3500 spument
951 3427 1074 3481 trimulca
1092 3432 1153 3482 Dt.
1179 3435 1304 3499 cptunent
1320 3428 1384 3483 123.

244 3519 352 3592 capellis
372 3521 399 3571 V
406 3522 436 3584 G,
456 3517 536 3573 auid.
562 3536 595 3569 ex
624 3517 746 3589 quibued.
763 3516 967 3587 exemplaribus,
997 3520 1051 3569 flit-
1066 3518 1161 3587 effert,
1177 3538 1200 3573 r.
1233 3516 1383 3587 spumantia

242 3608 356 3665 mulctra
384 3606 489 3679 papillis
507 3606 606 3660 Barth.
634 3624 657 3658 c.
719 3604 767 3674 34)
787 3606 860 3677 quod
878 3624 958 3660 mane
982 3608 1044 3662 Dt.
1074 3606 1145 3678 quod
1164 3625 1248 3660 massa
1265 3623 1296 3669 ψ.
1327 3625 1381 3679 quo

241 3716 324 3753 messe
342 3714 368 3753 η.
388 3694 482 3747 Omnia
501 3701 637 3760 corrupta.
666 3711 720 3763 quo
731 3712 815 3745 massa
834 3692 900 3746 fluat
917 3694 1017 3749 Barth.
1031 3713 1054 3746 c.
1071 3713 1125 3746 nou
1136 3693 1245 3763 improb.
1257 3693 1384 3748 Werned.

241 3787 307 3841 lude
323 3800 445 3857 premes,
463 3778 536 3851 qued
554 3796 633 3831 mane
650 3778 717 3832 fluat
734 3790 785 3831 aut
802 3778 888 3833 Nocte
906 3798 1027 3850 premes,
1046 3780 1118 3851 quod
1137 3800 1217 3835 mane
1234 3780 1294 3835 fluit
1315 3782 1382 3835 Vlit.

242 3894 267 3929 c.
285 3873 390 3945 papillis
408 3869 506 3942 Ampla
533 3868 597 3940 (aut
616 3867 714 3934 Imbre)
743 3868 864 3941 tibi-qno
887 3878 970 3925 macca
988 3870 1054 3924 fluat
1073 3872 1167 3929 Heius.
1185 3892 1208 3928 c.
1232 3872 1318 3925 Nocte
1332 3887 1384 3938 pro

244 3980 326 4014 messe
347 3962 468 4019 Marteil.
497 3979 519 4016 c.
565 3956 705 4029 Implebit,
733 3975 802 4029 quae
832 3978 921 4029 pressa
943 3958 1027 4013 fluant
1053 3960 1179 4017 Werncd.
1198 3982 1221 4017 c.
1243 3961 1384 4032 fortae-cet

242 4048 318 4103 Hine
328 4047 399 4120 plebi
419 4060 444 4101 et
463 4048 536 4120 quod
553 4063 632 4099 mane
650 4045 728 4102 seras.
747 4074 782 4088 -
801 4059 958 4118 prementur
977 4048 1155 4117 pactast.
1221 4051 1268 4115 35)
1286 4066 1384 4119 coege-

1193 4149 1261 4180 corr·

243 4195 278 4249 rit
295 4198 319 4247 Ι.
337 4192 403 4245 hore
421 4212 444 4248 r.
454 4151 539 4245 horae
556 4194 615 4247 Re.
670 4190 718 4260 36)
741 4210 795 4245 neu
813 4190 865 4245 siut
880 4196 925 4261 pt]
931 4196 981 4244 02.
989 4211 1047 4264 sqq.
1049 4191 1076 4262 f
1078 4197 1103 4247 2.
1131 4201 1185 4281 nep
1204 4195 1223 4243 d
1230 4200 1255 4248 2.
1275 4213 1308 4246 ne
1322 4194 1385 4244 ΡΙ)

243 4301 370 4356 ΗΜ.
434 4301 480 4367 et)
499 4309 525 4352 et
552 4297 608 4355 niu.
638 4300 722 4355 dm.
750 4309 856 4353 teneret
880 4318 943 4355 nen.
970 4300 1098 4365 124.th
1124 4318 1177 4353 noa
1195 4302 1273 4370 male,
1290 4305 1386 4355 Burm.

245 4386 363 4441 uaeualis
381 4406 404 4442 o.
468 4386 516 4456 38)
536 4387 664 4459 precipuo
682 4392 772 4443 tcta.
792 4388 896 4444 coletur
913 4390 974 4442 Dt.
1000 4385 1104 4443 colatur
1121 4390 1213 4463 uulgo.
