<?xml version="1.0" encoding="UTF-8"?>
<!DOCTYPE html PUBLIC "-//W3C//DTD XHTML 1.0 Transitional//EN"
    "http://www.w3.org/TR/xhtml1/DTD/xhtml1-transitional.dtd">
<html xmlns="http://www.w3.org/1999/xhtml" xml:lang="en" lang="en">
 <head>
  <title>
</title>
<meta http-equiv="Content-Type" content="text/html;charset=utf-8" />
  <meta name='ocr-system' content='tesseract 3.04.00' />
  <meta name='ocr-capabilities' content='ocr_page ocr_carea ocr_par ocr_line ocrx_word'/>
</head>
<body>
  <div class='ocr_page' id='page_1' title='image "./tcalpurniisicul00glaegoog_0079.png"; bbox 0 0 3067 4950; ppageno 0'>
   <div class='ocr_carea' id='block_1_1' title="bbox 591 316 849 389">
    <p class='ocr_par' dir='ltr' id='par_1_1' title="bbox 591 316 849 389">
     <span class='ocr_line' id='line_1_1' title="bbox 591 316 849 389; baseline 0 -17"><span class='ocrx_word' id='word_1_1' title='bbox 591 316 849 389; x_wconf 79' lang='lat'><strong>..71-</strong></span> 
     </span>
    </p>
   </div>
   <div class='ocr_carea' id='block_1_2' title="bbox 150 499 1299 2237">
    <p class='ocr_par' dir='ltr' id='par_1_2' title="bbox 242 499 1014 586">
     <span class='ocr_line' id='line_1_2' title="bbox 242 499 1014 586; baseline 0.003 -23"><span class='ocrx_word' id='word_1_2' title='bbox 242 501 438 582; x_wconf 84' lang='lat' dir='ltr'><strong>Exprobrsre</strong></span> <span class='ocrx_word' id='word_1_3' title='bbox 457 499 555 576; x_wconf 84' lang='lat' dir='ltr'><strong>milri,</strong></span> <span class='ocrx_word' id='word_1_4' title='bbox 580 500 735 563; x_wconf 84' lang='lat' dir='ltr'><strong>sicuttibi</strong></span> <span class='ocrx_word' id='word_1_5' title='bbox 755 503 853 565; x_wconf 87' lang='lat' dir='ltr'><strong>multa</strong></span> <span class='ocrx_word' id='word_1_6' title='bbox 874 503 1014 586; x_wconf 83' lang='lat' dir='ltr'><strong>Lycotas.</strong></span> 
     </span>
    </p>

    <p class='ocr_par' dir='ltr' id='par_1_3' title="bbox 242 602 1062 686">
     <span class='ocr_line' id='line_1_3' title="bbox 242 602 1062 686; baseline 0 -19"><span class='ocrx_word' id='word_1_7' title='bbox 242 602 302 667; x_wconf 84' lang='lat' dir='ltr'><strong>Sed</strong></span> <span class='ocrx_word' id='word_1_8' title='bbox 325 602 401 686; x_wconf 89' lang='lat' dir='ltr'><strong>quid</strong></span> <span class='ocrx_word' id='word_1_9' title='bbox 422 623 500 684; x_wconf 88' lang='lat' dir='ltr'><strong>opus</strong></span> <span class='ocrx_word' id='word_1_10' title='bbox 521 624 601 665; x_wconf 84' lang='lat' dir='ltr'><strong>uana</strong></span> <span class='ocrx_word' id='word_1_11' title='bbox 620 624 798 667; x_wconf 75' lang='lat' dir='ltr'><strong>consumere</strong></span> <span class='ocrx_word' id='word_1_12' title='bbox 817 618 956 686; x_wconf 86' lang='lat' dir='ltr'><strong>tempora</strong></span> <span class='ocrx_word' id='word_1_13' title='bbox 982 602 1062 667; x_wconf 81' lang='lat' dir='ltr'><strong>lite?</strong></span> 
     </span>
    </p>

    <p class='ocr_par' dir='ltr' id='par_1_4' title="bbox 243 706 1068 788">
     <span class='ocr_line' id='line_1_4' title="bbox 243 706 1068 788; baseline 0.004 -21"><span class='ocrx_word' id='word_1_14' title='bbox 243 706 317 767; x_wconf 85' lang='lat' dir='ltr'><strong>Ecce</strong></span> <span class='ocrx_word' id='word_1_15' title='bbox 338 706 424 769; x_wconf 87' lang='lat' dir='ltr'><strong>uenit</strong></span> <span class='ocrx_word' id='word_1_16' title='bbox 442 706 628 788; x_wconf 73' lang='lat' dir='ltr'><strong>Mnasyllus:</strong></span> <span class='ocrx_word' id='word_1_17' title='bbox 651 709 729 784; x_wconf 88' lang='lat' dir='ltr'><strong>erit,</strong></span> <span class='ocrx_word' id='word_1_18' title='bbox 757 708 818 771; x_wconf 86' lang='lat' dir='ltr'><strong>nisi</strong></span> <span class='ocrx_word' id='word_1_19' title='bbox 839 707 918 769; x_wconf 79' lang='lat' dir='ltr'><strong>forte</strong></span> <span class='ocrx_word' id='word_1_20' title='bbox 937 727 1068 783; x_wconf 72' lang='lat' dir='ltr'><strong>moues,</strong></span> 
     </span>
    </p>

    <p class='ocr_par' dir='ltr' id='par_1_5' title="bbox 242 809 1075 890">
     <span class='ocr_line' id='line_1_5' title="bbox 242 809 1075 890; baseline 0.006 -22"><span class='ocrx_word' id='word_1_21' title='bbox 242 809 366 871; x_wconf 77' lang='lat' dir='ltr'><strong>Arbiter</strong></span> <span class='ocrx_word' id='word_1_22' title='bbox 385 809 497 873; x_wconf 77' lang='lat' dir='ltr'><strong>inllaris</strong></span> <span class='ocrx_word' id='word_1_23' title='bbox 517 830 581 872; x_wconf 86' lang='lat' dir='ltr'><strong>non</strong></span> <span class='ocrx_word' id='word_1_24' title='bbox 603 809 761 889; x_wconf 71' lang='lat' dir='ltr'><strong>credulus,</strong></span> <span class='ocrx_word' id='word_1_25' title='bbox 782 811 940 890; x_wconf 80' lang='lat' dir='ltr'>improbe,</span> <span class='ocrx_word' id='word_1_26' title='bbox 961 812 1075 873; x_wconf 90' lang='lat' dir='ltr'><strong>uerbis.</strong></span> 
     </span>
    </p>

    <p class='ocr_par' dir='ltr' id='par_1_6' title="bbox 199 912 1299 996">
     <span class='ocr_line' id='line_1_6' title="bbox 199 912 1299 996; baseline 0.003 -23"><span class='ocrx_word' id='word_1_27' title='bbox 199 912 236 973; x_wconf 92' lang='lat' dir='ltr'><strong>A.</strong></span> <span class='ocrx_word' id='word_1_28' title='bbox 279 914 465 992; x_wconf 77' lang='lat' dir='ltr'><strong>Malueram,</strong></span> <span class='ocrx_word' id='word_1_29' title='bbox 487 914 602 993; x_wconf 87' lang='lat' dir='ltr'><strong>fateor,</strong></span> <span class='ocrx_word' id='word_1_30' title='bbox 631 917 682 977; x_wconf 86' lang='lat' dir='ltr'><strong>uel</strong></span> <span class='ocrx_word' id='word_1_31' title='bbox 702 912 937 996; x_wconf 81' lang='lat' dir='ltr'><strong>praedamnatus</strong></span> <span class='ocrx_word' id='word_1_32' title='bbox 956 914 1052 991; x_wconf 82' lang='lat' dir='ltr'><strong>abire,</strong></span> <span class='ocrx_word' id='word_1_33' title='bbox 1256 920 1299 978; x_wconf 88' lang='grc'><strong>30</strong></span> 
     </span>
    </p>

    <p class='ocr_par' dir='ltr' id='par_1_7' title="bbox 241 1013 1030 1098">
     <span class='ocr_line' id='line_1_7' title="bbox 241 1013 1030 1098; baseline -0.001 -20"><span class='ocrx_word' id='word_1_34' title='bbox 241 1013 341 1090; x_wconf 82' lang='lat' dir='ltr'><strong>Quam</strong></span> <span class='ocrx_word' id='word_1_35' title='bbox 363 1017 421 1079; x_wconf 87' lang='lat' dir='ltr'><strong>tibi</strong></span> <span class='ocrx_word' id='word_1_36' title='bbox 441 1019 568 1080; x_wconf 77' lang='lat' dir='ltr'><strong>certanti</strong></span> <span class='ocrx_word' id='word_1_37' title='bbox 588 1030 706 1098; x_wconf 88' lang='lat' dir='ltr'><strong>partem</strong></span> <span class='ocrx_word' id='word_1_38' title='bbox 729 1017 917 1079; x_wconf 85' lang='lat' dir='ltr'><strong>committere</strong></span> <span class='ocrx_word' id='word_1_39' title='bbox 936 1018 1030 1078; x_wconf 86' lang='lat' dir='ltr'><strong>uocis.</strong></span> 
     </span>
    </p>

    <p class='ocr_par' dir='ltr' id='par_1_8' title="bbox 239 1118 1060 1201">
     <span class='ocr_line' id='line_1_8' title="bbox 239 1118 1060 1201; baseline -0.002 -20"><span class='ocrx_word' id='word_1_40' title='bbox 239 1119 288 1181; x_wconf 93' lang='lat' dir='ltr'><strong>Ne</strong></span> <span class='ocrx_word' id='word_1_41' title='bbox 308 1130 408 1181; x_wconf 88' lang='lat' dir='ltr'><strong>tamen</strong></span> <span class='ocrx_word' id='word_1_42' title='bbox 431 1121 490 1181; x_wconf 91' lang='lat' dir='ltr'><strong>hoc</strong></span> <span class='ocrx_word' id='word_1_43' title='bbox 508 1121 636 1201; x_wconf 89' lang='lat' dir='ltr'><strong>impune</strong></span> <span class='ocrx_word' id='word_1_44' title='bbox 656 1121 752 1181; x_wconf 81' lang='lat' dir='ltr'><strong>laras:</strong></span> <span class='ocrx_word' id='word_1_45' title='bbox 774 1139 813 1181; x_wconf 87' lang='lat' dir='ltr'><strong>en</strong></span> <span class='ocrx_word' id='word_1_46' title='bbox 832 1119 942 1198; x_wconf 86' lang='lat' dir='ltr'><strong>aspicis</strong></span> <span class='ocrx_word' id='word_1_47' title='bbox 960 1118 1060 1194; x_wconf 89' lang='lat' dir='ltr'><strong>illum,</strong></span> 
     </span>
    </p>

    <p class='ocr_par' dir='ltr' id='par_1_9' title="bbox 239 1218 1061 1306">
     <span class='ocr_line' id='line_1_9' title="bbox 239 1218 1061 1306; baseline -0.002 -22"><span class='ocrx_word' id='word_1_48' title='bbox 239 1220 379 1300; x_wconf 86' lang='lat' dir='ltr'><strong>Candida</strong></span> <span class='ocrx_word' id='word_1_49' title='bbox 399 1224 454 1306; x_wconf 91' lang='lat' dir='ltr'><strong>qui</strong></span> <span class='ocrx_word' id='word_1_50' title='bbox 471 1222 590 1286; x_wconf 88' lang='lat' dir='ltr'><strong>medius</strong></span> <span class='ocrx_word' id='word_1_51' title='bbox 613 1224 703 1285; x_wconf 86' lang='lat' dir='ltr'><strong>cubat</strong></span> <span class='ocrx_word' id='word_1_52' title='bbox 722 1223 804 1283; x_wconf 91' lang='lat' dir='ltr'><strong>inter</strong></span> <span class='ocrx_word' id='word_1_53' title='bbox 823 1222 889 1282; x_wconf 86' lang='lat' dir='ltr'><strong>lilia</strong></span> <span class='ocrx_word' id='word_1_54' title='bbox 911 1218 1061 1282; x_wconf 84' lang='lat' dir='ltr'><strong>neruum?</strong></span> 
     </span>
    </p>

    <p class='ocr_par' dir='ltr' id='par_1_10' title="bbox 240 1321 1091 1404">
     <span class='ocr_line' id='line_1_10' title="bbox 240 1321 1091 1404; baseline -0.002 -19"><span class='ocrx_word' id='word_1_55' title='bbox 240 1321 389 1399; x_wconf 80' lang='lat' dir='ltr'><strong>Quamuis</strong></span> <span class='ocrx_word' id='word_1_56' title='bbox 410 1326 494 1387; x_wconf 86' lang='lat' dir='ltr'><strong>hunc</strong></span> <span class='ocrx_word' id='word_1_57' title='bbox 514 1326 617 1389; x_wconf 88' lang='lat' dir='ltr'><strong>Petale</strong></span> <span class='ocrx_word' id='word_1_58' title='bbox 638 1344 705 1385; x_wconf 89' lang='lat' dir='ltr'><strong>mea</strong></span> <span class='ocrx_word' id='word_1_59' title='bbox 727 1321 844 1403; x_wconf 77' lang='lat' dir='ltr'><strong>diligat,</strong></span> <span class='ocrx_word' id='word_1_60' title='bbox 863 1323 965 1404; x_wconf 81' lang='lat' dir='ltr'><strong>accipe</strong></span> <span class='ocrx_word' id='word_1_61' title='bbox 984 1324 1091 1385; x_wconf 87' lang='lat' dir='ltr'><strong>uictor.</strong></span> 
     </span>
    </p>

    <p class='ocr_par' dir='ltr' id='par_1_11' title="bbox 239 1425 1296 1509">
     <span class='ocr_line' id='line_1_11' title="bbox 239 1425 1296 1509; baseline 0.002 -22"><span class='ocrx_word' id='word_1_62' title='bbox 239 1425 304 1487; x_wconf 82' lang='lat' dir='ltr'><strong>Scit</strong></span> <span class='ocrx_word' id='word_1_63' title='bbox 332 1427 434 1489; x_wconf 81' lang='lat' dir='ltr'><strong>lrenm</strong></span> <span class='ocrx_word' id='word_1_64' title='bbox 456 1439 486 1490; x_wconf 95' lang='lat' dir='ltr'><strong>et</strong></span> <span class='ocrx_word' id='word_1_65' title='bbox 506 1428 586 1489; x_wconf 82' lang='lat' dir='ltr'><strong>ferre</strong></span> <span class='ocrx_word' id='word_1_66' title='bbox 603 1427 721 1507; x_wconf 77' lang='lat' dir='ltr'><strong>iugum,</strong></span> <span class='ocrx_word' id='word_1_67' title='bbox 741 1427 944 1509; x_wconf 71' lang='lat' dir='ltr'><strong>sequiturque</strong></span> <span class='ocrx_word' id='word_1_68' title='bbox 961 1437 1120 1487; x_wconf 80' lang='lat' dir='ltr'><strong>uocantem</strong></span> <span class='ocrx_word' id='word_1_69' title='bbox 1256 1430 1296 1489; x_wconf 76' lang='lat'><strong>35</strong></span> 
     </span>
    </p>

    <p class='ocr_par' dir='ltr' id='par_1_12' title="bbox 240 1526 1082 1610">
     <span class='ocr_line' id='line_1_12' title="bbox 240 1526 1082 1610; baseline 0.001 -21"><span class='ocrx_word' id='word_1_70' title='bbox 240 1526 408 1606; x_wconf 87' lang='lat' dir='ltr'><strong>Credulus,</strong></span> <span class='ocrx_word' id='word_1_71' title='bbox 430 1542 460 1593; x_wconf 86' lang='lat' dir='ltr'><strong>et</strong></span> <span class='ocrx_word' id='word_1_72' title='bbox 479 1550 601 1592; x_wconf 86' lang='lat' dir='ltr'><strong>mensae</strong></span> <span class='ocrx_word' id='word_1_73' title='bbox 622 1548 684 1591; x_wconf 87' lang='lat' dir='ltr'><strong>non</strong></span> <span class='ocrx_word' id='word_1_74' title='bbox 703 1530 847 1609; x_wconf 85' lang='lat' dir='ltr'><strong>improba</strong></span> <span class='ocrx_word' id='word_1_75' title='bbox 869 1529 1000 1610; x_wconf 79' lang='lat' dir='ltr'><strong>porrigit</strong></span> <span class='ocrx_word' id='word_1_76' title='bbox 1019 1547 1082 1591; x_wconf 91' lang='lat' dir='ltr'><strong>ora.</strong></span> 
     </span>
    </p>

    <p class='ocr_par' dir='ltr' id='par_1_13' title="bbox 239 1632 1087 1715">
     <span class='ocr_line' id='line_1_13' title="bbox 239 1632 1087 1715; baseline 0.004 -23"><span class='ocrx_word' id='word_1_77' title='bbox 239 1632 359 1712; x_wconf 85' lang='lat' dir='ltr'><strong>Aspicis</strong></span> <span class='ocrx_word' id='word_1_78' title='bbox 368 1670 381 1709; x_wconf 77' lang='lat'><strong>,=</strong></span> <span class='ocrx_word' id='word_1_79' title='bbox 398 1646 433 1697; x_wconf 90' lang='lat' dir='ltr'><strong>ut</strong></span> <span class='ocrx_word' id='word_1_80' title='bbox 453 1634 577 1696; x_wconf 76' lang='lat' dir='ltr'><strong>fruticat</strong></span> <span class='ocrx_word' id='word_1_81' title='bbox 597 1636 658 1695; x_wconf 88' lang='lat' dir='ltr'><strong>late</strong></span> <span class='ocrx_word' id='word_1_82' title='bbox 678 1646 785 1715; x_wconf 85' lang='lat' dir='ltr'><strong>caput,</strong></span> <span class='ocrx_word' id='word_1_83' title='bbox 815 1645 912 1715; x_wconf 85' lang='lat' dir='ltr'><strong>utque</strong></span> <span class='ocrx_word' id='word_1_84' title='bbox 932 1633 991 1695; x_wconf 88' lang='lat' dir='ltr'><strong>sub</strong></span> <span class='ocrx_word' id='word_1_85' title='bbox 1009 1632 1087 1714; x_wconf 87' lang='lat' dir='ltr'><strong>ipsis</strong></span> 
     </span>
    </p>

    <p class='ocr_par' dir='ltr' id='par_1_14' title="bbox 239 1731 1024 1815">
     <span class='ocr_line' id='line_1_14' title="bbox 239 1731 1024 1815; baseline 0 -20"><span class='ocrx_word' id='word_1_86' title='bbox 239 1733 392 1797; x_wconf 84' lang='lat' dir='ltr'><strong>Cornibus</strong></span> <span class='ocrx_word' id='word_1_87' title='bbox 414 1748 444 1799; x_wconf 86' lang='lat' dir='ltr'><strong>et</strong></span> <span class='ocrx_word' id='word_1_88' title='bbox 460 1737 547 1798; x_wconf 84' lang='lat' dir='ltr'><strong>tereti</strong></span> <span class='ocrx_word' id='word_1_89' title='bbox 568 1732 703 1815; x_wconf 89' lang='lat' dir='ltr'><strong>pendent</strong></span> <span class='ocrx_word' id='word_1_90' title='bbox 722 1732 902 1797; x_wconf 87' lang='lat' dir='ltr'><strong>redimicula</strong></span> <span class='ocrx_word' id='word_1_91' title='bbox 921 1731 1024 1796; x_wconf 82' lang='lat' dir='ltr'><strong>eollo?</strong></span> 
     </span>
    </p>

    <p class='ocr_par' dir='ltr' id='par_1_15' title="bbox 238 1837 944 1926">
     <span class='ocr_line' id='line_1_15' title="bbox 238 1837 944 1926; baseline 0.004 -29"><span class='ocrx_word' id='word_1_92' title='bbox 238 1837 376 1919; x_wconf 86' lang='lat' dir='ltr'><strong>Aspicis,</strong></span> <span class='ocrx_word' id='word_1_93' title='bbox 396 1851 431 1902; x_wconf 94' lang='lat' dir='ltr'><strong>ut</strong></span> <span class='ocrx_word' id='word_1_94' title='bbox 456 1840 548 1926; x_wconf 85' lang='lat' dir='ltr'><strong>niueo</strong></span> <span class='ocrx_word' id='word_1_95' title='bbox 570 1840 655 1902; x_wconf 80' lang='lat' dir='ltr'><strong>frons</strong></span> <span class='ocrx_word' id='word_1_96' title='bbox 676 1839 794 1903; x_wconf 87' lang='lat' dir='ltr'><strong>irretita</strong></span> <span class='ocrx_word' id='word_1_97' title='bbox 812 1837 944 1920; x_wconf 86' lang='lat' dir='ltr'><strong>capistro</strong></span> 
     </span>
    </p>

    <p class='ocr_par' dir='ltr' id='par_1_16' title="bbox 150 2071 1297 2237">
     <span class='ocr_line' id='line_1_16' title="bbox 226 2071 1297 2149; baseline 0 -22"><span class='ocrx_word' id='word_1_98' title='bbox 226 2071 275 2143; x_wconf 80' lang='lat'><strong>26)</strong></span> <span class='ocrx_word' id='word_1_99' title='bbox 292 2073 327 2129; x_wconf 87' lang='lat' dir='ltr'><strong>Et</strong></span> <span class='ocrx_word' id='word_1_100' title='bbox 343 2074 459 2147; x_wconf 85' lang='lat' dir='ltr'><strong>probare</strong></span> <span class='ocrx_word' id='word_1_101' title='bbox 486 2076 551 2131; x_wconf 68' lang='lat' dir='ltr'><strong>DA.</strong></span> <span class='ocrx_word' id='word_1_102' title='bbox 580 2076 716 2149; x_wconf 78' lang='lat' dir='ltr'><strong>Lycortas</strong></span> <span class='ocrx_word' id='word_1_103' title='bbox 742 2080 918 2135; x_wconf 60' lang='lat' dir='ltr'><strong>rotatae.</strong></span> <span class='ocrx_word' id='word_1_104' title='bbox 944 2078 1078 2149; x_wconf 69' lang='lat' dir='ltr'><strong>tyranus</strong></span> <span class='ocrx_word' id='word_1_105' title='bbox 1097 2077 1169 2134; x_wconf 69' lang='grc'><strong>(31.3</strong></span> <span class='ocrx_word' id='word_1_106' title='bbox 1185 2075 1227 2147; x_wconf 82' lang='lat' dir='ltr'><strong>(in</strong></span> <span class='ocrx_word' id='word_1_107' title='bbox 1245 2076 1297 2128; x_wconf 78' lang='lat' dir='ltr'><strong>Aac</strong></span> 
     </span>
     <span class='ocr_line' id='line_1_17' title="bbox 150 2162 1296 2237; baseline 0.004 -22"><span class='ocrx_word' id='word_1_108' title='bbox 150 2182 224 2217; x_wconf 84' lang='lat' dir='ltr'><strong>corr.</strong></span> <span class='ocrx_word' id='word_1_109' title='bbox 242 2163 397 2235; x_wconf 87' lang='lat' dir='ltr'><strong>Lycuntas).</strong></span> <span class='ocrx_word' id='word_1_110' title='bbox 416 2163 542 2218; x_wconf 85' lang='lat' dir='ltr'><strong>Licontas</strong></span> <span class='ocrx_word' id='word_1_111' title='bbox 558 2169 618 2221; x_wconf 77' lang='lat'><strong>122.</strong></span> <span class='ocrx_word' id='word_1_112' title='bbox 638 2166 765 2221; x_wconf 87' lang='lat' dir='ltr'><strong>Ticontas</strong></span> <span class='ocrx_word' id='word_1_113' title='bbox 782 2171 841 2222; x_wconf 75' lang='lat'><strong>124.</strong></span> <span class='ocrx_word' id='word_1_114' title='bbox 861 2167 973 2221; x_wconf 88' lang='lat' dir='ltr'><strong>ticontas</strong></span> <span class='ocrx_word' id='word_1_115' title='bbox 989 2169 1049 2221; x_wconf 67' lang='lat' dir='ltr'><strong>Ill.</strong></span> <span class='ocrx_word' id='word_1_116' title='bbox 1102 2162 1152 2234; x_wconf 77' lang='lat' dir='ltr'><strong>at)</strong></span> <span class='ocrx_word' id='word_1_117' title='bbox 1170 2164 1296 2237; x_wconf 83' lang='lat' dir='ltr'><strong>quisRl.</strong></span> 
     </span>
    </p>
   </div>
   <div class='ocr_carea' id='block_1_3' title="bbox 146 2256 1297 2353">
    <p class='ocr_par' dir='ltr' id='par_1_17' title="bbox 146 2256 1297 2353">
     <span class='ocr_line' id='line_1_18' title="bbox 146 2256 1297 2353; baseline 0.006 -24"><span class='ocrx_word' id='word_1_118' title='bbox 146 2294 220 2348; x_wconf 86' lang='lat' dir='ltr'><strong>quas</strong></span> <span class='ocrx_word' id='word_1_119' title='bbox 236 2278 299 2332; x_wconf 80' lang='lat' dir='ltr'><strong>nt.</strong></span> <span class='ocrx_word' id='word_1_120' title='bbox 317 2256 475 2339; x_wconf 57' lang='lat' dir='ltr'><strong>consumere</strong></span> <span class='ocrx_word' id='word_1_121' title='bbox 493 2282 552 2332; x_wconf 78' lang='lat' dir='ltr'><strong>Rs.</strong></span> <span class='ocrx_word' id='word_1_122' title='bbox 608 2284 655 2346; x_wconf 81' lang='grc'><strong>28)</strong></span> <span class='ocrx_word' id='word_1_123' title='bbox 673 2280 820 2353; x_wconf 83' lang='lat' dir='ltr'><strong>Mnasyllus</strong></span> <span class='ocrx_word' id='word_1_124' title='bbox 838 2280 1092 2352; x_wconf 56' lang='lat' dir='ltr'><strong>epitomaszbo,</strong></span> <span class='ocrx_word' id='word_1_125' title='bbox 1103 2280 1203 2349; x_wconf 82' lang='lat' dir='ltr'><strong>recepit</strong></span> <span class='ocrx_word' id='word_1_126' title='bbox 1216 2282 1297 2337; x_wconf 83' lang='lat' dir='ltr'><strong>Beck.</strong></span> 
     </span>
    </p>
   </div>
   <div class='ocr_carea' id='block_1_4' title="bbox 144 2362 1399 2447">
    <p class='ocr_par' dir='ltr' id='par_1_18' title="bbox 144 2362 1399 2447">
     <span class='ocr_line' id='line_1_19' title="bbox 144 2362 1399 2447; baseline 0.004 -30"><span class='ocrx_word' id='word_1_127' title='bbox 144 2362 317 2435; x_wconf 86' lang='lat' dir='ltr'><strong>Manasyllus</strong></span> <span class='ocrx_word' id='word_1_128' title='bbox 345 2368 512 2421; x_wconf 60' lang='lat' dir='ltr'><strong>Vutada.</strong></span> <span class='ocrx_word' id='word_1_129' title='bbox 530 2368 669 2423; x_wconf 83' lang='lat' dir='ltr'><strong>Mnasillus</strong></span> <span class='ocrx_word' id='word_1_130' title='bbox 687 2374 746 2426; x_wconf 68' lang='lat' dir='ltr'><strong>Dal.</strong></span> <span class='ocrx_word' id='word_1_131' title='bbox 764 2367 918 2423; x_wconf 86' lang='lat' dir='ltr'><strong>manasiilus</strong></span> <span class='ocrx_word' id='word_1_132' title='bbox 943 2366 1296 2425; x_wconf 71' lang='lat' dir='ltr'><strong>Da.Ra.MaoittusD1.</strong></span> <span class='ocrx_word' id='word_1_133' title='bbox 1393 2434 1399 2447; x_wconf 24' lang='grc' dir='ltr'><strong><em>ι</em></strong></span> 
     </span>
    </p>
   </div>
   <div class='ocr_carea' id='block_1_5' title="bbox 138 2450 1297 4460">
    <p class='ocr_par' dir='ltr' id='par_1_19' title="bbox 138 2450 1297 4460">
     <span class='ocr_line' id='line_1_20' title="bbox 144 2450 1295 2530; baseline 0.005 -22"><span class='ocrx_word' id='word_1_134' title='bbox 144 2450 283 2508; x_wconf 83' lang='lat' dir='ltr'><strong>Mnasilus</strong></span> <span class='ocrx_word' id='word_1_135' title='bbox 300 2456 344 2510; x_wconf 78' lang='lat' dir='ltr'><strong>tl.</strong></span> <span class='ocrx_word' id='word_1_136' title='bbox 369 2453 507 2528; x_wconf 84' lang='lat' dir='ltr'><strong>Mnasylus</strong></span> <span class='ocrx_word' id='word_1_137' title='bbox 519 2457 607 2526; x_wconf 66' lang='lat' dir='ltr'><strong>slas,</strong></span> <span class='ocrx_word' id='word_1_138' title='bbox 625 2462 669 2510; x_wconf 79' lang='lat' dir='ltr'><strong>uti</strong></span> <span class='ocrx_word' id='word_1_139' title='bbox 687 2459 779 2530; x_wconf 75' lang='lat' dir='ltr'><strong>uulgo.</strong></span> <span class='ocrx_word' id='word_1_140' title='bbox 797 2458 887 2512; x_wconf 80' lang='lat' dir='ltr'><strong>fronte</strong></span> <span class='ocrx_word' id='word_1_141' title='bbox 906 2478 932 2512; x_wconf 79' lang='grc' dir='ltr'><strong>ν.</strong></span> <span class='ocrx_word' id='word_1_142' title='bbox 950 2475 1056 2510; x_wconf 85' lang='lat' dir='ltr'><strong>recuses</strong></span> <span class='ocrx_word' id='word_1_143' title='bbox 1074 2456 1295 2530; x_wconf 64' lang='grc' dir='ltr'><strong>ἀλρβαλεᾳᾳ.</strong></span> 
     </span>
     <span class='ocr_line' id='line_1_21' title="bbox 138 2543 1297 2618; baseline 0.003 -23"><span class='ocrx_word' id='word_1_144' title='bbox 138 2543 199 2618; x_wconf 69' lang='grc'><strong>[2.</strong></span> <span class='ocrx_word' id='word_1_145' title='bbox 217 2552 321 2596; x_wconf 83' lang='lat' dir='ltr'><strong>retusus</strong></span> <span class='ocrx_word' id='word_1_146' title='bbox 337 2545 371 2600; x_wconf 89' lang='lat' dir='ltr'><strong>P.</strong></span> <span class='ocrx_word' id='word_1_147' title='bbox 436 2545 485 2616; x_wconf 77' lang='grc'><strong>39)</strong></span> <span class='ocrx_word' id='word_1_148' title='bbox 502 2545 599 2601; x_wconf 80' lang='lat' dir='ltr'><strong>inflatis</strong></span> <span class='ocrx_word' id='word_1_149' title='bbox 624 2567 680 2602; x_wconf 88' lang='lat' dir='ltr'><strong>non</strong></span> <span class='ocrx_word' id='word_1_150' title='bbox 699 2547 823 2603; x_wconf 84' lang='lat' dir='ltr'><strong>credulus</strong></span> <span class='ocrx_word' id='word_1_151' title='bbox 841 2550 903 2603; x_wconf 76' lang='lat'><strong>121.</strong></span> <span class='ocrx_word' id='word_1_152' title='bbox 923 2547 1018 2600; x_wconf 79' lang='lat' dir='ltr'><strong>Heius.</strong></span> <span class='ocrx_word' id='word_1_153' title='bbox 1036 2565 1059 2602; x_wconf 85' lang='lat' dir='ltr'><strong>c.</strong></span> <span class='ocrx_word' id='word_1_154' title='bbox 1084 2545 1232 2597; x_wconf 81' lang='lat' dir='ltr'><strong>sedidem:</strong></span> <span class='ocrx_word' id='word_1_155' title='bbox 1252 2546 1297 2599; x_wconf 89' lang='lat' dir='ltr'><strong>in-</strong></span> 
     </span>
     <span class='ocr_line' id='line_1_22' title="bbox 144 2630 1295 2707; baseline 0.005 -23"><span class='ocrx_word' id='word_1_156' title='bbox 144 2630 220 2685; x_wconf 85' lang='lat' dir='ltr'><strong>flatis</strong></span> <span class='ocrx_word' id='word_1_157' title='bbox 237 2649 294 2684; x_wconf 87' lang='lat' dir='ltr'><strong>non</strong></span> <span class='ocrx_word' id='word_1_158' title='bbox 313 2630 439 2689; x_wconf 84' lang='lat' dir='ltr'><strong>cedimus.</strong></span> <span class='ocrx_word' id='word_1_159' title='bbox 457 2663 493 2676; x_wconf 92' lang='lat'><em>-</em></span> <span class='ocrx_word' id='word_1_160' title='bbox 518 2636 600 2691; x_wconf 85' lang='lat' dir='ltr'><strong>lusito</strong></span> <span class='ocrx_word' id='word_1_161' title='bbox 617 2656 693 2692; x_wconf 89' lang='lat' dir='ltr'><strong>nunc</strong></span> <span class='ocrx_word' id='word_1_162' title='bbox 712 2639 774 2692; x_wconf 78' lang='lat' dir='ltr'><strong>nt.</strong></span> <span class='ocrx_word' id='word_1_163' title='bbox 793 2636 909 2690; x_wconf 81' lang='lat' dir='ltr'><strong>Arbiter.</strong></span> <span class='ocrx_word' id='word_1_164' title='bbox 934 2634 1005 2689; x_wconf 85' lang='lat' dir='ltr'><strong>lnsta</strong></span> <span class='ocrx_word' id='word_1_165' title='bbox 1023 2654 1098 2689; x_wconf 87' lang='lat' dir='ltr'><strong>nunc</strong></span> <span class='ocrx_word' id='word_1_166' title='bbox 1120 2653 1177 2689; x_wconf 89' lang='lat' dir='ltr'><strong>non</strong></span> <span class='ocrx_word' id='word_1_167' title='bbox 1201 2635 1295 2707; x_wconf 80' lang='lat' dir='ltr'><strong>uulgo.</strong></span> 
     </span>
     <span class='ocr_line' id='line_1_23' title="bbox 144 2718 1296 2781; baseline -0.001 -6"><span class='ocrx_word' id='word_1_168' title='bbox 144 2740 206 2776; x_wconf 90' lang='lat' dir='ltr'><strong>non</strong></span> <span class='ocrx_word' id='word_1_169' title='bbox 225 2718 358 2775; x_wconf 83' lang='lat' dir='ltr'><strong>credimus</strong></span> <span class='ocrx_word' id='word_1_170' title='bbox 375 2725 469 2780; x_wconf 75' lang='lat' dir='ltr'><strong>surm.</strong></span> <span class='ocrx_word' id='word_1_171' title='bbox 487 2743 510 2778; x_wconf 86' lang='lat' dir='ltr'><strong>c.</strong></span> <span class='ocrx_word' id='word_1_172' title='bbox 528 2744 585 2779; x_wconf 89' lang='lat' dir='ltr'><strong>non</strong></span> <span class='ocrx_word' id='word_1_173' title='bbox 602 2745 653 2781; x_wconf 86' lang='lat' dir='ltr'><strong>om.</strong></span> <span class='ocrx_word' id='word_1_174' title='bbox 672 2728 765 2780; x_wconf 68' lang='lat' dir='ltr'><strong>Dnlt</strong></span> <span class='ocrx_word' id='word_1_175' title='bbox 775 2731 801 2779; x_wconf 84' lang='lat'><strong>2.</strong></span> <span class='ocrx_word' id='word_1_176' title='bbox 829 2729 892 2781; x_wconf 82' lang='lat' dir='ltr'><strong>Vos.</strong></span> <span class='ocrx_word' id='word_1_177' title='bbox 910 2725 1034 2780; x_wconf 83' lang='lat' dir='ltr'><strong>credulus</strong></span> <span class='ocrx_word' id='word_1_178' title='bbox 1051 2725 1157 2777; x_wconf 84' lang='lat' dir='ltr'><strong>Gudius</strong></span> <span class='ocrx_word' id='word_1_179' title='bbox 1173 2734 1244 2777; x_wconf 74' lang='lat' dir='ltr'><strong>reete</strong></span> <span class='ocrx_word' id='word_1_180' title='bbox 1257 2725 1296 2774; x_wconf 83' lang='lat' dir='ltr'><strong>od</strong></span> 
     </span>
     <span class='ocr_line' id='line_1_24' title="bbox 144 2808 1294 2885; baseline -0.003 -21"><span class='ocrx_word' id='word_1_181' title='bbox 144 2811 244 2865; x_wconf 79' lang='lat' dir='ltr'><strong>Mnus.</strong></span> <span class='ocrx_word' id='word_1_182' title='bbox 262 2808 358 2880; x_wconf 77' lang='lat' dir='ltr'><strong>refert.</strong></span> <span class='ocrx_word' id='word_1_183' title='bbox 422 2812 469 2874; x_wconf 82' lang='grc'><strong>30)</strong></span> <span class='ocrx_word' id='word_1_184' title='bbox 487 2810 543 2867; x_wconf 87' lang='lat' dir='ltr'><strong>Ast.</strong></span> <span class='ocrx_word' id='word_1_185' title='bbox 571 2832 621 2867; x_wconf 89' lang='lat' dir='ltr'><strong>om.</strong></span> <span class='ocrx_word' id='word_1_186' title='bbox 641 2812 726 2884; x_wconf 64' lang='grc' dir='ltr'><strong>Μ.</strong></span> <span class='ocrx_word' id='word_1_187' title='bbox 753 2812 960 2885; x_wconf 80' lang='lat' dir='ltr'><strong>praedamnatus</strong></span> <span class='ocrx_word' id='word_1_188' title='bbox 980 2817 1069 2870; x_wconf 66' lang='lat' dir='ltr'><strong>liora.</strong></span> <span class='ocrx_word' id='word_1_189' title='bbox 1087 2811 1199 2865; x_wconf 70' lang='lat' dir='ltr'><strong>obsera.</strong></span> <span class='ocrx_word' id='word_1_190' title='bbox 1218 2811 1294 2863; x_wconf 84' lang='lat' dir='ltr'><strong>cn‘tt.</strong></span> 
     </span>
     <span class='ocr_line' id='line_1_25' title="bbox 145 2896 1293 2974; baseline 0.001 -22"><span class='ocrx_word' id='word_1_191' title='bbox 145 2901 205 2953; x_wconf 59' lang='lat' dir='ltr'><strong>cdl.</strong></span> <span class='ocrx_word' id='word_1_192' title='bbox 221 2915 251 2968; x_wconf 83' lang='lat' dir='ltr'><strong>p.</strong></span> <span class='ocrx_word' id='word_1_193' title='bbox 265 2899 310 2952; x_wconf 82' lang='lat' dir='ltr'><strong>tt.</strong></span> <span class='ocrx_word' id='word_1_194' title='bbox 339 2896 407 2954; x_wconf 80' lang='lat' dir='ltr'><strong>coni.</strong></span> <span class='ocrx_word' id='word_1_195' title='bbox 431 2897 504 2970; x_wconf 82' lang='lat' dir='ltr'><strong>quod</strong></span> <span class='ocrx_word' id='word_1_196' title='bbox 527 2899 705 2971; x_wconf 80' lang='lat' dir='ltr'><strong>confirmatur</strong></span> <span class='ocrx_word' id='word_1_197' title='bbox 731 2902 870 2972; x_wconf 82' lang='lat' dir='ltr'><strong>scriptura</strong></span> <span class='ocrx_word' id='word_1_198' title='bbox 895 2905 958 2958; x_wconf 89' lang='lat' dir='ltr'><strong>D1.</strong></span> <span class='ocrx_word' id='word_1_199' title='bbox 984 2921 1018 2954; x_wconf 82' lang='lat' dir='ltr'><strong>ex</strong></span> <span class='ocrx_word' id='word_1_200' title='bbox 1046 2921 1098 2974; x_wconf 87' lang='lat' dir='ltr'><strong>quo</strong></span> <span class='ocrx_word' id='word_1_201' title='bbox 1123 2910 1202 2954; x_wconf 88' lang='lat' dir='ltr'><strong>natus</strong></span> <span class='ocrx_word' id='word_1_202' title='bbox 1219 2899 1293 2953; x_wconf 84' lang='lat' dir='ltr'><strong>abire</strong></span> 
     </span>
     <span class='ocr_line' id='line_1_26' title="bbox 145 2985 1293 3060; baseline 0.002 -20"><span class='ocrx_word' id='word_1_203' title='bbox 145 2995 300 3040; x_wconf 84' lang='lat' dir='ltr'><strong>enotetum.</strong></span> <span class='ocrx_word' id='word_1_204' title='bbox 330 2985 458 3056; x_wconf 86' lang='lat' dir='ltr'><strong>praedam</strong></span> <span class='ocrx_word' id='word_1_205' title='bbox 474 2997 567 3042; x_wconf 86' lang='lat' dir='ltr'><strong>nactus</strong></span> <span class='ocrx_word' id='word_1_206' title='bbox 585 2987 676 3060; x_wconf 82' lang='lat' dir='ltr'><strong>uulgo.</strong></span> <span class='ocrx_word' id='word_1_207' title='bbox 704 2988 817 3060; x_wconf 88' lang='lat' dir='ltr'><strong>predam</strong></span> <span class='ocrx_word' id='word_1_208' title='bbox 836 2989 962 3057; x_wconf 82' lang='lat' dir='ltr'><strong>1t1.2.b‚</strong></span> <span class='ocrx_word' id='word_1_209' title='bbox 982 2989 1037 3044; x_wconf 81' lang='lat' dir='ltr'><strong>Tit.</strong></span> <span class='ocrx_word' id='word_1_210' title='bbox 1053 2989 1084 3041; x_wconf 79' lang='lat' dir='ltr'><strong>in</strong></span> <span class='ocrx_word' id='word_1_211' title='bbox 1100 2988 1186 3042; x_wconf 78' lang='lat' dir='ltr'><strong>lsmm</strong></span> <span class='ocrx_word' id='word_1_212' title='bbox 1210 2987 1293 3060; x_wconf 81' lang='lat' dir='ltr'><strong>preda</strong></span> 
     </span>
     <span class='ocr_line' id='line_1_27' title="bbox 138 3071 1293 3150; baseline 0.003 -22"><span class='ocrx_word' id='word_1_213' title='bbox 138 3073 193 3144; x_wconf 83' lang='lat' dir='ltr'><strong>f²·</strong></span> <span class='ocrx_word' id='word_1_214' title='bbox 211 3072 296 3145; x_wconf 85' lang='lat' dir='ltr'><strong>preda</strong></span> <span class='ocrx_word' id='word_1_215' title='bbox 314 3071 400 3128; x_wconf 81' lang='lat' dir='ltr'><strong>uirtus</strong></span> <span class='ocrx_word' id='word_1_216' title='bbox 418 3075 485 3132; x_wconf 81' lang='lat' dir='ltr'><strong>edit.</strong></span> <span class='ocrx_word' id='word_1_217' title='bbox 503 3075 704 3144; x_wconf 80' lang='lat' dir='ltr'><strong>uetustissimo,</strong></span> <span class='ocrx_word' id='word_1_218' title='bbox 722 3095 804 3150; x_wconf 84' lang='lat' dir='ltr'><strong>quom</strong></span> <span class='ocrx_word' id='word_1_219' title='bbox 823 3077 879 3135; x_wconf 65' lang='lat' dir='ltr'><strong>lit.</strong></span> <span class='ocrx_word' id='word_1_220' title='bbox 896 3076 988 3148; x_wconf 77' lang='lat' dir='ltr'><strong>offert.</strong></span> <span class='ocrx_word' id='word_1_221' title='bbox 1007 3075 1134 3149; x_wconf 82' lang='lat' dir='ltr'><strong>praedem</strong></span> <span class='ocrx_word' id='word_1_222' title='bbox 1152 3077 1251 3131; x_wconf 78' lang='lat' dir='ltr'><strong>Barth.</strong></span> <span class='ocrx_word' id='word_1_223' title='bbox 1268 3095 1293 3133; x_wconf 80' lang='lat' dir='ltr'><strong>c.</strong></span> 
     </span>
     <span class='ocr_line' id='line_1_28' title="bbox 145 3161 1293 3238; baseline 0.004 -22"><span class='ocrx_word' id='word_1_224' title='bbox 145 3181 200 3217; x_wconf 86' lang='lat' dir='ltr'><strong>nec</strong></span> <span class='ocrx_word' id='word_1_225' title='bbox 216 3161 345 3233; x_wconf 84' lang='lat' dir='ltr'><strong>praedam</strong></span> <span class='ocrx_word' id='word_1_226' title='bbox 362 3173 414 3216; x_wconf 84' lang='lat' dir='ltr'><strong>out</strong></span> <span class='ocrx_word' id='word_1_227' title='bbox 436 3183 489 3219; x_wconf 85' lang='lat' dir='ltr'><strong>nec</strong></span> <span class='ocrx_word' id='word_1_228' title='bbox 505 3165 605 3238; x_wconf 82' lang='lat' dir='ltr'><strong>praeda</strong></span> <span class='ocrx_word' id='word_1_229' title='bbox 623 3177 726 3221; x_wconf 84' lang='lat' dir='ltr'><strong>mactus</strong></span> <span class='ocrx_word' id='word_1_230' title='bbox 751 3171 845 3222; x_wconf 81' lang='lat' dir='ltr'><strong>Burm.</strong></span> <span class='ocrx_word' id='word_1_231' title='bbox 863 3186 885 3220; x_wconf 86' lang='lat' dir='ltr'><strong>c.</strong></span> <span class='ocrx_word' id='word_1_232' title='bbox 909 3165 1027 3238; x_wconf 85' lang='lat' dir='ltr'><strong>praemia</strong></span> <span class='ocrx_word' id='word_1_233' title='bbox 1045 3175 1139 3237; x_wconf 85' lang='lat' dir='ltr'><strong>pactus</strong></span> <span class='ocrx_word' id='word_1_234' title='bbox 1157 3164 1252 3216; x_wconf 78' lang='lat' dir='ltr'><strong>Heius.</strong></span> <span class='ocrx_word' id='word_1_235' title='bbox 1269 3184 1293 3221; x_wconf 79' lang='lat' dir='ltr'><strong>c.</strong></span> 
     </span>
     <span class='ocr_line' id='line_1_29' title="bbox 143 3249 1293 3326; baseline 0 -23"><span class='ocrx_word' id='word_1_236' title='bbox 143 3249 248 3322; x_wconf 83' lang='lat' dir='ltr'><strong>praeda</strong></span> <span class='ocrx_word' id='word_1_237' title='bbox 266 3259 351 3304; x_wconf 82' lang='lat' dir='ltr'><strong>taetus</strong></span> <span class='ocrx_word' id='word_1_238' title='bbox 382 3251 452 3306; x_wconf 70' lang='lat' dir='ltr'><strong>(tud</strong></span> <span class='ocrx_word' id='word_1_239' title='bbox 470 3271 493 3309; x_wconf 88' lang='lat' dir='ltr'><strong>c.</strong></span> <span class='ocrx_word' id='word_1_240' title='bbox 512 3254 559 3325; x_wconf 82' lang='lat' dir='ltr'><strong>qui</strong></span> <span class='ocrx_word' id='word_1_241' title='bbox 576 3254 658 3306; x_wconf 80' lang='lat' dir='ltr'><strong>etiam</strong></span> <span class='ocrx_word' id='word_1_242' title='bbox 676 3273 735 3311; x_wconf 87' lang='lat' dir='ltr'><strong>uoc.</strong></span> <span class='ocrx_word' id='word_1_243' title='bbox 753 3254 908 3326; x_wconf 75' lang='lat' dir='ltr'><strong>praeda:</strong></span> <span class='ocrx_word' id='word_1_244' title='bbox 922 3274 1022 3307; x_wconf 81' lang='lat' dir='ltr'><strong>munus</strong></span> <span class='ocrx_word' id='word_1_245' title='bbox 1042 3272 1076 3304; x_wconf 76' lang='lat' dir='ltr'><strong>ex</strong></span> <span class='ocrx_word' id='word_1_246' title='bbox 1093 3272 1122 3306; x_wconf 82' lang='lat' dir='ltr'><strong>u.</strong></span> <span class='ocrx_word' id='word_1_247' title='bbox 1143 3253 1189 3304; x_wconf 81' lang='lat' dir='ltr'><strong>ts.</strong></span> <span class='ocrx_word' id='word_1_248' title='bbox 1207 3251 1293 3303; x_wconf 74' lang='lat' dir='ltr'><strong>inter·</strong></span> 
     </span>
     <span class='ocr_line' id='line_1_30' title="bbox 139 3339 1293 3412; baseline -0.002 -22"><span class='ocrx_word' id='word_1_249' title='bbox 139 3347 283 3406; x_wconf 74' lang='lat' dir='ltr'><strong>pretatur.</strong></span> <span class='ocrx_word' id='word_1_250' title='bbox 312 3348 406 3392; x_wconf 86' lang='lat' dir='ltr'><strong>nactus</strong></span> <span class='ocrx_word' id='word_1_251' title='bbox 423 3339 510 3392; x_wconf 88' lang='lat' dir='ltr'><strong>abires</strong></span> <span class='ocrx_word' id='word_1_252' title='bbox 528 3339 610 3394; x_wconf 71' lang='grc'><strong>(11.2.</strong></span> <span class='ocrx_word' id='word_1_253' title='bbox 662 3341 709 3406; x_wconf 79' lang='grc'><strong>31)</strong></span> <span class='ocrx_word' id='word_1_254' title='bbox 726 3342 841 3411; x_wconf 84' lang='lat' dir='ltr'><strong>partem]</strong></span> <span class='ocrx_word' id='word_1_255' title='bbox 860 3341 977 3412; x_wconf 86' lang='lat' dir='ltr'><strong>palmam</strong></span> <span class='ocrx_word' id='word_1_256' title='bbox 994 3350 1045 3391; x_wconf 84' lang='lat' dir='ltr'><strong>ant</strong></span> <span class='ocrx_word' id='word_1_257' title='bbox 1064 3347 1180 3408; x_wconf 77' lang='lat' dir='ltr'><strong>spartam</strong></span> <span class='ocrx_word' id='word_1_258' title='bbox 1198 3340 1293 3393; x_wconf 60' lang='lat' dir='ltr'><strong>Ham.</strong></span> 
     </span>
     <span class='ocr_line' id='line_1_31' title="bbox 144 3424 1291 3497; baseline 0.003 -22"><span class='ocrx_word' id='word_1_259' title='bbox 144 3443 170 3480; x_wconf 84' lang='lat' dir='ltr'><strong>c.</strong></span> <span class='ocrx_word' id='word_1_260' title='bbox 197 3424 355 3479; x_wconf 82' lang='lat' dir='ltr'><strong>commitere</strong></span> <span class='ocrx_word' id='word_1_261' title='bbox 372 3445 401 3496; x_wconf 79' lang='lat' dir='ltr'><strong>p.</strong></span> <span class='ocrx_word' id='word_1_262' title='bbox 465 3427 512 3492; x_wconf 79' lang='grc'><strong>32)</strong></span> <span class='ocrx_word' id='word_1_263' title='bbox 539 3424 580 3480; x_wconf 87' lang='lat' dir='ltr'><strong>Ne</strong></span> <span class='ocrx_word' id='word_1_264' title='bbox 606 3426 668 3482; x_wconf 87' lang='lat' dir='ltr'><strong>t.lr.</strong></span> <span class='ocrx_word' id='word_1_265' title='bbox 687 3428 793 3484; x_wconf 74' lang='lat' dir='ltr'><strong>iseros</strong></span> <span class='ocrx_word' id='word_1_266' title='bbox 818 3431 872 3481; x_wconf 80' lang='lat' dir='ltr'><strong>DA</strong></span> <span class='ocrx_word' id='word_1_267' title='bbox 909 3425 967 3480; x_wconf 90' lang='lat' dir='ltr'><strong>Nec</strong></span> <span class='ocrx_word' id='word_1_268' title='bbox 984 3436 1004 3483; x_wconf 89' lang='lat' dir='ltr'><strong>t.</strong></span> <span class='ocrx_word' id='word_1_269' title='bbox 1022 3424 1048 3478; x_wconf 85' lang='lat' dir='ltr'><strong>h·</strong></span> <span class='ocrx_word' id='word_1_270' title='bbox 1065 3425 1083 3478; x_wconf 90' lang='lat' dir='ltr'><strong>i.</strong></span> <span class='ocrx_word' id='word_1_271' title='bbox 1102 3424 1170 3476; x_wconf 80' lang='lat' dir='ltr'><strong>feres</strong></span> <span class='ocrx_word' id='word_1_272' title='bbox 1200 3425 1291 3497; x_wconf 76' lang='lat' dir='ltr'><strong>uulgo.</strong></span> 
     </span>
     <span class='ocr_line' id='line_1_32' title="bbox 145 3510 1292 3580; baseline 0 -14"><span class='ocrx_word' id='word_1_273' title='bbox 145 3513 195 3577; x_wconf 81' lang='grc'><strong>33)</strong></span> <span class='ocrx_word' id='word_1_274' title='bbox 213 3510 258 3564; x_wconf 89' lang='lat' dir='ltr'><strong>cui</strong></span> <span class='ocrx_word' id='word_1_275' title='bbox 278 3512 381 3566; x_wconf 82' lang='lat' dir='ltr'><strong>medius</strong></span> <span class='ocrx_word' id='word_1_276' title='bbox 397 3517 454 3570; x_wconf 81' lang='lat' dir='ltr'><strong>Rs.</strong></span> <span class='ocrx_word' id='word_1_277' title='bbox 472 3513 568 3568; x_wconf 88' lang='lat' dir='ltr'><strong>melius</strong></span> <span class='ocrx_word' id='word_1_278' title='bbox 585 3514 700 3580; x_wconf 81' lang='lat' dir='ltr'><strong>(medius</strong></span> <span class='ocrx_word' id='word_1_279' title='bbox 719 3517 799 3580; x_wconf 80' lang='lat' dir='ltr'><strong>corr.)</strong></span> <span class='ocrx_word' id='word_1_280' title='bbox 820 3517 853 3572; x_wconf 88' lang='lat' dir='ltr'><strong>V.</strong></span> <span class='ocrx_word' id='word_1_281' title='bbox 871 3513 1170 3569; x_wconf 60' lang='lat' dir='ltr'><strong>meliusculum.</strong></span> <span class='ocrx_word' id='word_1_282' title='bbox 1197 3513 1292 3567; x_wconf 89' lang='lat' dir='ltr'><strong>melius</strong></span> 
     </span>
     <span class='ocr_line' id='line_1_33' title="bbox 144 3597 1290 3672; baseline 0.001 -20"><span class='ocrx_word' id='word_1_283' title='bbox 144 3597 401 3656; x_wconf 66' lang='lat' dir='ltr'><strong>constaremus</strong></span> <span class='ocrx_word' id='word_1_284' title='bbox 419 3604 507 3655; x_wconf 72' lang='lat' dir='ltr'><strong>aar.</strong></span> <span class='ocrx_word' id='word_1_285' title='bbox 558 3600 608 3671; x_wconf 80' lang='lat' dir='ltr'><strong>st)</strong></span> <span class='ocrx_word' id='word_1_286' title='bbox 626 3599 749 3669; x_wconf 82' lang='lat' dir='ltr'><strong>Quanuis</strong></span> <span class='ocrx_word' id='word_1_287' title='bbox 767 3603 855 3658; x_wconf 60' lang='lat' dir='ltr'><strong>Ata.</strong></span> <span class='ocrx_word' id='word_1_288' title='bbox 882 3600 969 3672; x_wconf 76' lang='lat' dir='ltr'><strong>diligit</strong></span> <span class='ocrx_word' id='word_1_289' title='bbox 986 3619 1007 3653; x_wconf 87' lang='lat' dir='ltr'><strong>a.</strong></span> <span class='ocrx_word' id='word_1_290' title='bbox 1026 3598 1118 3670; x_wconf 81' lang='lat' dir='ltr'><strong>diligat</strong></span> <span class='ocrx_word' id='word_1_291' title='bbox 1141 3597 1214 3652; x_wconf 86' lang='lat' dir='ltr'><strong>hunc</strong></span> <span class='ocrx_word' id='word_1_292' title='bbox 1230 3619 1290 3654; x_wconf 80' lang='lat' dir='ltr'><strong>mea</strong></span> 
     </span>
     <span class='ocr_line' id='line_1_34' title="bbox 144 3683 1291 3759; baseline 0.004 -22"><span class='ocrx_word' id='word_1_293' title='bbox 144 3683 273 3752; x_wconf 70' lang='lat' dir='ltr'><strong>Pacate,</strong></span> <span class='ocrx_word' id='word_1_294' title='bbox 291 3686 383 3759; x_wconf 87' lang='lat' dir='ltr'><strong>accipe</strong></span> <span class='ocrx_word' id='word_1_295' title='bbox 401 3689 507 3758; x_wconf 68' lang='lat' dir='ltr'><strong>nepe</strong></span> <span class='ocrx_word' id='word_1_296' title='bbox 530 3689 560 3755; x_wconf 84' lang='lat' dir='ltr'><strong>(a</strong></span> <span class='ocrx_word' id='word_1_297' title='bbox 580 3689 661 3743; x_wconf 75' lang='lat' dir='ltr'><strong>naid.</strong></span> <span class='ocrx_word' id='word_1_298' title='bbox 678 3688 707 3740; x_wconf 82' lang='lat' dir='ltr'><strong>in</strong></span> <span class='ocrx_word' id='word_1_299' title='bbox 725 3707 817 3742; x_wconf 80' lang='lat' dir='ltr'><strong>comos.</strong></span> <span class='ocrx_word' id='word_1_300' title='bbox 834 3692 923 3754; x_wconf 69' lang='lat' dir='ltr'><strong>corn).</strong></span> <span class='ocrx_word' id='word_1_301' title='bbox 942 3684 1034 3754; x_wconf 82' lang='lat' dir='ltr'><strong>Quam</strong></span> <span class='ocrx_word' id='word_1_302' title='bbox 1051 3684 1092 3739; x_wconf 87' lang='lat' dir='ltr'><strong>uis</strong></span> <span class='ocrx_word' id='word_1_303' title='bbox 1108 3683 1182 3739; x_wconf 85' lang='lat' dir='ltr'><strong>hunc</strong></span> <span class='ocrx_word' id='word_1_304' title='bbox 1198 3685 1291 3758; x_wconf 77' lang='lat' dir='ltr'><strong>diligat</strong></span> 
     </span>
     <span class='ocr_line' id='line_1_35' title="bbox 143 3773 1291 3848; baseline 0.002 -24"><span class='ocrx_word' id='word_1_305' title='bbox 143 3789 205 3826; x_wconf 84' lang='lat' dir='ltr'><strong>mea</strong></span> <span class='ocrx_word' id='word_1_306' title='bbox 232 3773 335 3844; x_wconf 85' lang='lat' dir='ltr'><strong>pertale</strong></span> <span class='ocrx_word' id='word_1_307' title='bbox 359 3775 450 3848; x_wconf 83' lang='lat' dir='ltr'><strong>accipe</strong></span> <span class='ocrx_word' id='word_1_308' title='bbox 475 3778 534 3830; x_wconf 77' lang='lat' dir='ltr'><strong>tta.</strong></span> <span class='ocrx_word' id='word_1_309' title='bbox 556 3775 644 3844; x_wconf 85' lang='lat' dir='ltr'><strong>llunr,</strong></span> <span class='ocrx_word' id='word_1_310' title='bbox 662 3777 787 3848; x_wconf 86' lang='lat' dir='ltr'><strong>quamuis</strong></span> <span class='ocrx_word' id='word_1_311' title='bbox 802 3796 861 3848; x_wconf 83' lang='lat' dir='ltr'><strong>sqq.</strong></span> <span class='ocrx_word' id='word_1_312' title='bbox 886 3776 993 3832; x_wconf 76' lang='lat' dir='ltr'><strong>Nodett.</strong></span> <span class='ocrx_word' id='word_1_313' title='bbox 1015 3775 1081 3826; x_wconf 87' lang='lat' dir='ltr'><strong>Not.</strong></span> <span class='ocrx_word' id='word_1_314' title='bbox 1109 3773 1183 3828; x_wconf 75' lang='lat' dir='ltr'><strong>mitt.</strong></span> <span class='ocrx_word' id='word_1_315' title='bbox 1203 3783 1291 3844; x_wconf 71' lang='lat' dir='ltr'><strong>pagg.</strong></span> 
     </span>
     <span class='ocr_line' id='line_1_36' title="bbox 144 3859 1291 3932; baseline 0.005 -22"><span class='ocrx_word' id='word_1_316' title='bbox 144 3859 215 3914; x_wconf 79' lang='lat' dir='ltr'><strong>coni.</strong></span> <span class='ocrx_word' id='word_1_317' title='bbox 230 3862 310 3915; x_wconf 79' lang='lat' dir='ltr'><strong>Beck.</strong></span> <span class='ocrx_word' id='word_1_318' title='bbox 324 3862 400 3932; x_wconf 79' lang='lat' dir='ltr'><strong>prob.</strong></span> <span class='ocrx_word' id='word_1_319' title='bbox 454 3867 501 3932; x_wconf 80' lang='grc'><strong>35)</strong></span> <span class='ocrx_word' id='word_1_320' title='bbox 519 3865 610 3920; x_wconf 79' lang='lat' dir='ltr'><strong>frenos</strong></span> <span class='ocrx_word' id='word_1_321' title='bbox 627 3876 653 3920; x_wconf 83' lang='lat' dir='ltr'><strong>et</strong></span> <span class='ocrx_word' id='word_1_322' title='bbox 669 3867 764 3922; x_wconf 88' lang='lat' dir='ltr'><strong>PD1.</strong></span> <span class='ocrx_word' id='word_1_323' title='bbox 772 3860 1096 3924; x_wconf 59' lang='lat' dir='ltr'><strong>annumeranda.</strong></span> <span class='ocrx_word' id='word_1_324' title='bbox 1115 3860 1203 3918; x_wconf 84' lang='lat' dir='ltr'><strong>adscr.</strong></span> <span class='ocrx_word' id='word_1_325' title='bbox 1234 3863 1291 3916; x_wconf 78' lang='lat' dir='ltr'><strong>ire-</strong></span> 
     </span>
     <span class='ocr_line' id='line_1_37' title="bbox 145 3945 1289 4024; baseline 0.008 -28"><span class='ocrx_word' id='word_1_326' title='bbox 145 3963 205 4011; x_wconf 89' lang='lat' dir='ltr'><strong>nos,</strong></span> <span class='ocrx_word' id='word_1_327' title='bbox 225 3945 276 4000; x_wconf 85' lang='lat' dir='ltr'><strong>scit</strong></span> <span class='ocrx_word' id='word_1_328' title='bbox 294 3948 386 4018; x_wconf 75' lang='lat' dir='ltr'><strong>uulgo.</strong></span> <span class='ocrx_word' id='word_1_329' title='bbox 406 3949 484 4004; x_wconf 79' lang='lat' dir='ltr'><strong>freno</strong></span> <span class='ocrx_word' id='word_1_330' title='bbox 497 3952 709 4024; x_wconf 84' lang='lat' dir='ltr'><strong>-sequitutque</strong></span> <span class='ocrx_word' id='word_1_331' title='bbox 724 3971 752 4020; x_wconf 83' lang='lat' dir='ltr'><strong>p.</strong></span> <span class='ocrx_word' id='word_1_332' title='bbox 806 3950 855 4018; x_wconf 74' lang='grc'><strong>33)</strong></span> <span class='ocrx_word' id='word_1_333' title='bbox 872 3967 963 4002; x_wconf 84' lang='lat' dir='ltr'><strong>mense</strong></span> <span class='ocrx_word' id='word_1_334' title='bbox 980 3951 1073 4003; x_wconf 63' lang='lat' dir='ltr'><strong>atta.</strong></span> <span class='ocrx_word' id='word_1_335' title='bbox 1089 3966 1209 4002; x_wconf 85' lang='lat' dir='ltr'><strong>mensem</strong></span> <span class='ocrx_word' id='word_1_336' title='bbox 1226 3954 1289 4005; x_wconf 74' lang='lat'><strong>121.</strong></span> 
     </span>
     <span class='ocr_line' id='line_1_38' title="bbox 145 4033 1290 4112; baseline 0.003 -28"><span class='ocrx_word' id='word_1_337' title='bbox 145 4033 267 4112; x_wconf 65' lang='lat' dir='ltr'><strong>porriget</strong></span> <span class='ocrx_word' id='word_1_338' title='bbox 284 4038 348 4091; x_wconf 79' lang='lat' dir='ltr'><strong>Da.</strong></span> <span class='ocrx_word' id='word_1_339' title='bbox 366 4037 485 4108; x_wconf 78' lang='lat' dir='ltr'><strong>porrigat</strong></span> <span class='ocrx_word' id='word_1_340' title='bbox 503 4058 528 4093; x_wconf 86' lang='grc' dir='ltr'><strong>α.</strong></span> <span class='ocrx_word' id='word_1_341' title='bbox 583 4042 630 4107; x_wconf 77' lang='lat' dir='ltr'><strong>st)</strong></span> <span class='ocrx_word' id='word_1_342' title='bbox 647 4038 772 4092; x_wconf 76' lang='lat' dir='ltr'><strong>fructicat</strong></span> <span class='ocrx_word' id='word_1_343' title='bbox 787 4038 935 4106; x_wconf 74' lang='lat' dir='ltr'><strong>Iti-offert</strong></span> <span class='ocrx_word' id='word_1_344' title='bbox 958 4037 1039 4088; x_wconf 73' lang='lat' dir='ltr'><strong>outa.</strong></span> <span class='ocrx_word' id='word_1_345' title='bbox 1053 4037 1082 4089; x_wconf 79' lang='lat' dir='ltr'><strong>iu</strong></span> <span class='ocrx_word' id='word_1_346' title='bbox 1097 4037 1182 4092; x_wconf 83' lang='lat' dir='ltr'><strong>lemm.</strong></span> <span class='ocrx_word' id='word_1_347' title='bbox 1210 4036 1290 4090; x_wconf 82' lang='lat' dir='ltr'><strong>fruti-</strong></span> 
     </span>
     <span class='ocr_line' id='line_1_39' title="bbox 146 4123 1290 4196; baseline 0.005 -24"><span class='ocrx_word' id='word_1_348' title='bbox 146 4125 231 4180; x_wconf 82' lang='lat' dir='ltr'><strong>cel.P</strong></span> <span class='ocrx_word' id='word_1_349' title='bbox 241 4124 487 4180; x_wconf 63' lang='lat' dir='ltr'><strong>rumetruda.</strong></span> <span class='ocrx_word' id='word_1_350' title='bbox 519 4126 560 4192; x_wconf 80' lang='lat' dir='ltr'><strong>(irs</strong></span> <span class='ocrx_word' id='word_1_351' title='bbox 590 4127 643 4179; x_wconf 80' lang='lat' dir='ltr'><strong>Aac</strong></span> <span class='ocrx_word' id='word_1_352' title='bbox 669 4143 736 4181; x_wconf 80' lang='lat' dir='ltr'><strong>corr.</strong></span> <span class='ocrx_word' id='word_1_353' title='bbox 765 4128 826 4190; x_wconf 86' lang='lat' dir='ltr'><strong>-at)</strong></span> <span class='ocrx_word' id='word_1_354' title='bbox 841 4124 1061 4196; x_wconf 66' lang='lat' dir='ltr'><strong>pflo2.sqq.f2.</strong></span> <span class='ocrx_word' id='word_1_355' title='bbox 1086 4123 1212 4177; x_wconf 84' lang='lat' dir='ltr'><strong>fruticem</strong></span> <span class='ocrx_word' id='word_1_356' title='bbox 1236 4124 1290 4178; x_wconf 76' lang='lat' dir='ltr'><strong>late</strong></span> 
     </span>
     <span class='ocr_line' id='line_1_40' title="bbox 146 4207 1290 4285; baseline 0.004 -25"><span class='ocrx_word' id='word_1_357' title='bbox 146 4207 219 4278; x_wconf 87' lang='lat' dir='ltr'><strong>capit</strong></span> <span class='ocrx_word' id='word_1_358' title='bbox 234 4212 298 4267; x_wconf 84' lang='lat' dir='ltr'><strong>Dt.</strong></span> <span class='ocrx_word' id='word_1_359' title='bbox 316 4212 365 4265; x_wconf 87' lang='lat' dir='ltr'><strong>sub</strong></span> <span class='ocrx_word' id='word_1_360' title='bbox 383 4211 458 4268; x_wconf 85' lang='lat' dir='ltr'><strong>hirtis</strong></span> <span class='ocrx_word' id='word_1_361' title='bbox 474 4213 571 4269; x_wconf 76' lang='lat' dir='ltr'><strong>Helm.</strong></span> <span class='ocrx_word' id='word_1_362' title='bbox 588 4233 611 4270; x_wconf 84' lang='lat' dir='ltr'><strong>r.</strong></span> <span class='ocrx_word' id='word_1_363' title='bbox 664 4216 713 4279; x_wconf 79' lang='grc'><strong>38)</strong></span> <span class='ocrx_word' id='word_1_364' title='bbox 729 4213 787 4264; x_wconf 84' lang='lat' dir='ltr'><strong>Hic</strong></span> <span class='ocrx_word' id='word_1_365' title='bbox 799 4222 827 4264; x_wconf 79' lang='lat' dir='ltr'><strong>et</strong></span> <span class='ocrx_word' id='word_1_366' title='bbox 842 4229 897 4285; x_wconf 78' lang='lat' dir='ltr'><strong>seq.</strong></span> <span class='ocrx_word' id='word_1_367' title='bbox 913 4232 943 4266; x_wconf 84' lang='lat' dir='ltr'><strong>u.</strong></span> <span class='ocrx_word' id='word_1_368' title='bbox 960 4213 1034 4265; x_wconf 74' lang='lat' dir='ltr'><strong>deest</strong></span> <span class='ocrx_word' id='word_1_369' title='bbox 1052 4213 1080 4264; x_wconf 83' lang='lat' dir='ltr'><strong>in</strong></span> <span class='ocrx_word' id='word_1_370' title='bbox 1099 4215 1215 4266; x_wconf 60' lang='lat' dir='ltr'><strong>Grata.</strong></span> <span class='ocrx_word' id='word_1_371' title='bbox 1233 4223 1290 4266; x_wconf 83' lang='lat' dir='ltr'><strong>ter·</strong></span> 
     </span>
     <span class='ocr_line' id='line_1_41' title="bbox 146 4295 1289 4375; baseline 0.004 -26"><span class='ocrx_word' id='word_1_372' title='bbox 146 4295 197 4350; x_wconf 82' lang='lat' dir='ltr'><strong>reti</strong></span> <span class='ocrx_word' id='word_1_373' title='bbox 212 4295 262 4352; x_wconf 80' lang='lat' dir='ltr'><strong>d2.</strong></span> <span class='ocrx_word' id='word_1_374' title='bbox 280 4298 351 4354; x_wconf 86' lang='lat' dir='ltr'><strong>teriti</strong></span> <span class='ocrx_word' id='word_1_375' title='bbox 366 4303 425 4358; x_wconf 80' lang='lat' dir='ltr'><strong>Ra.</strong></span> <span class='ocrx_word' id='word_1_376' title='bbox 444 4311 471 4358; x_wconf 87' lang='lat' dir='ltr'><strong>et</strong></span> <span class='ocrx_word' id='word_1_377' title='bbox 488 4299 565 4356; x_wconf 86' lang='lat' dir='ltr'><strong>tereti</strong></span> <span class='ocrx_word' id='word_1_378' title='bbox 581 4300 700 4375; x_wconf 81' lang='lat' dir='ltr'><strong>pendant</strong></span> <span class='ocrx_word' id='word_1_379' title='bbox 725 4303 787 4356; x_wconf 81' lang='grc' dir='ltr'><strong>Μ.</strong></span> <span class='ocrx_word' id='word_1_380' title='bbox 805 4299 855 4354; x_wconf 75' lang='lat' dir='ltr'><strong>boc</strong></span> <span class='ocrx_word' id='word_1_381' title='bbox 871 4300 1007 4371; x_wconf 74' lang='lat' dir='ltr'><strong>posterius</strong></span> <span class='ocrx_word' id='word_1_382' title='bbox 1022 4297 1098 4369; x_wconf 81' lang='lat' dir='ltr'><strong>prod.</strong></span> <span class='ocrx_word' id='word_1_383' title='bbox 1115 4299 1194 4354; x_wconf 77' lang='lat' dir='ltr'><strong>Beck.</strong></span> <span class='ocrx_word' id='word_1_384' title='bbox 1212 4301 1289 4354; x_wconf 83' lang='lat' dir='ltr'><strong>tereti</strong></span> 
     </span>
     <span class='ocr_line' id='line_1_42' title="bbox 146 4379 348 4460; baseline 0.04 -28"><span class='ocrx_word' id='word_1_385' title='bbox 146 4379 238 4438; x_wconf 83' lang='lat' dir='ltr'><strong>lucent</strong></span> <span class='ocrx_word' id='word_1_386' title='bbox 256 4386 348 4460; x_wconf 71' lang='lat' dir='ltr'><strong>uulgo.</strong></span> 
     </span>
    </p>
   </div>
   <div class='ocr_carea' id='block_1_6' title="bbox 0 0 1538 4950">
    <p class='ocr_par' dir='ltr' id='par_1_20' title="bbox 0 0 1538 4950">
     <span class='ocr_line' id='line_1_43' title="bbox 0 0 1538 4950; baseline 0 0"><span class='ocrx_word' id='word_1_387' title='bbox 0 0 1538 4950; x_wconf 95' lang='lat' dir='ltr'><strong> </strong></span> 
     </span>
    </p>
   </div>
  </div>
 </body>
</html>
